3384 5342
668 499 890 566 -39-

152 674 302 757 perveni.
339 674 448 756 Atque
465 675 493 738 si
509 675 627 758 paucis
644 676 882 760 disputationis
898 696 1063 740 summam
1081 675 1193 742 iacere
1215 676 1298 757 licet,
1316 675 1398 742 satis

152 780 326 863 probasse
343 782 419 845 mihi
434 783 551 846 videor
565 783 656 847 viros
673 783 806 864 doctos,
825 783 881 864 qui
897 783 1000 868 longe
1015 783 1108 848 aliter
1126 804 1165 848 ac
1185 803 1272 847 nunc
1291 788 1401 849 exstat

150 887 299 972 tabulam
328 888 370 952 ab
404 888 481 971 ipso
512 888 630 954 Plauto
660 890 886 972 compositam
917 911 998 954 esse
1026 891 1281 971 contenderunt,
1311 899 1423 954 erra·'

151 994 264 1057 visse:
297 995 417 1059 immo
449 1000 748 1078 praeterquam
780 997 891 1078 quod
925 997 1048 1079 pauci
1080 1017 1234 1061 versus
1266 996 1397 1061 inter·

42 1145 43 1198 r
151 1100 353 1165 ciderunt
384 1106 510 1183 atque
543 1102 738 1167 nonnulli
771 1103 856 1168 loci
887 1123 906 1167 a
938 1108 1223 1168 retractatore
1253 1104 1398 1169 mutati

42 1199 43 1218 ³
151 1212 269 1288 sunt,
301 1209 435 1290 ipsam
463 1207 600 1273 Plauti
631 1208 816 1274 tabulam
846 1214 1029 1274 aetatem
1056 1210 1223 1274 tulisse.
1271 1206 1396 1274 Prae·

150 1318 272 1379 terea
309 1334 368 1379 me
405 1315 735 1380 demonstrasse
773 1336 903 1399 spero
940 1317 989 1380 de
1026 1309 1396 1380 contaminatione

41 1447 42 1450 ¹
151 1421 1397 1505 vixcogitandumessenequeiurepoetaecriminidari

40 1547 42 1556 ‘
151 1547 244 1590 eum
284 1527 320 1590 in
358 1529 657 1610 componenda
692 1527 836 1593 tabula
873 1529 1056 1593 liberius
1088 1545 1206 1611 quam
1240 1532 1396 1612 poetae

151 1633 311 1698 comico
338 1631 466 1699 Plauti
491 1638 712 1717 temporum
739 1627 987 1700 licitum‘erat
1012 1656 1106 1699 sese
1131 1635 1329 1720 gessisse.
1354 1673 1397 1678 —

151 1739 222 1804 Sed
256 1740 338 1804 haec
370 1740 540 1805 hactenus
594 1741 657 1805 lam
690 1746 903 1807 transeamus
933 1743 974 1806 ad
1008 1742 1283 1825 disputationem,
1309 1759 1395 1822 quae

151 1851 207 1910 est
232 1847 274 1910 de
299 1848 480 1930 exemplari
506 1847 625 1913 Attico.

539 2109 594 2178 De
619 2110 835 2196 exemplari
860 2110 1006 2207 Attico.

737 2249 808 2334 §a

245 2373 315 2438 ttae
341 2379 433 2457 parte
454 2375 603 2440 omittam
629 2374 816 2441 Asinariam
842 2376 885 2440 ita
910 2380 1119 2458 pertractare,
1145 2379 1178 2440 ut
1202 2376 1393 2458 exemplum

150 2478 383 2562 Siewerti¹)
409 2481 451 2563 (in
478 2480 733 2564 Amphitruone)
760 2486 899 2547 secutus
931 2482 1111 2548 diiudicare
1137 2483 1290 2546 studeam
1316 2481 1393 2562 quid

148 2588 201 2650 ad
228 2587 395 2652 Graecum
434 2589 605 2672 exemplar
640 2589 717 2669 quid
754 2590 796 2653 ad
823 2587 1014 2653 Romanum
1049 2593 1183 2671 poetam
1217 2588 1394 2670 pertineat:

149 2694 255 2758 immo
293 2695 357 2757 hoc
394 2694 471 2759 loco
504 2713 630 2778 operae
663 2695 802 2778 pretium
834 2696 964 2760 videtur
994 2715 1075 2759 esse
1107 2713 1269 2776 quaerere
1302 2714 1392 2758 num

149 2801 236 2864 Leo
262 2794 492 2866 Asinariae
517 2802 735 2884 exemplar
760 2802 966 2868 Graecum
997 2802 1035 2866 in
1065 2801 1391 2866 similitudinem

36 2893 37 2922 l
148 2906 413 2989 Truculenti,
440 2906 664 2988 Pseudoli‚
690 2908 1061 2973 Menaechmorum
1087 2907 1391 2990 exemplarium

36 3021 37 3024 ’
149 3013 418 3095 compositum
456 3035 550 3078 esse
587 3019 693 3078 recte
730 3015 961 3079 coniecerit.
1011 3015 1064 3080 llle
1093 3015 1180 3079 enim
1210 3014 1241 3077 in
1272 3013 1392 3093 libello,

36 3141 37 3146 ¹
148 3135 250 3199 quem
281 3119 450 3202 inscripsit
477 3119 721 3201 „Plautinische
748 3120 1009 3205 Forschungen“
1035 3140 1064 3203 p.
1093 3116 1176 3185 1481
1208 3119 1391 3203 diligentis-

36 3247 37 3250 *
149 3225 237 3288 sime
269 3225 501 3308 inquirendum
532 3247 612 3292 esse
639 3227 723 3307 dicit,
748 3244 834 3308 quae
865 3228 947 3292 ratio
972 3228 1154 3292 intercedat
1177 3227 1262 3291 inter
1286 3224 1391 3290 Plauti

148 3333 402 3396 comoediarum
443 3334 645 3416 exemplaria
682 3334 823 3399 Graeca.
883 3333 1058 3398 Asinariae
1095 3333 1182 3398 enim
1220 3333 1392 3414 exemplar
1435 3369 1438 3374 ·

149 3437 319 3503 Graecum
346 3459 413 3503 non
440 3440 549 3504 solum
572 3460 613 3504 ex
631 3440 813 3522 exemplari
830 3438 1027 3521 Truculenti,
1052 3441 1112 3504 sed
1139 3441 1237 3504 etiam
1262 3439 1306 3520 (ll.
1316 3452 1342 3504 3.
1352 3439 1390 3520 4.)

149 3542 312 3609 Pseudoli
345 3550 376 3609 et
401 3547 486 3627 (815.
503 3547 567 3611 851
586 3563 645 3628 sq.²
669 3547 746 3628 885)
771 3534 1069 3611 Menaechmorum
1100 3548 1258 3630 pendere.
1306 3545 1390 3611 lluic

148 3654 259 3715 autem
285 3653 499 3716 coniecturae
520 3653 771 3718 tundamentum
797 3653 922 3718 debere
947 3673 1028 3717 esse
1053 3654 1144 3735 quod
1170 3653 1244 3717 luce
1269 3652 1390 3743 clarius

149 3756 192 3821 sit
211 3757 448 3841 Demophilum
468 3766 547 3841 post
563 3781 685 3824 annum
703 3759 777 3840 269,
795 3778 863 3841 quo
881 3777 968 3841 quae
984 3760 1080 3824 trium
1098 3777 1184 3842 quas
1202 3760 1306 3824 modo
1330 3778 1389 3822 no·

149 3863 269 3929 minavi
293 3865 476 3929 tabularum
495 3867 728 3931 recentissima
744 3865 873 3932 videtur
890 3868 997 3931 datam
1016 3887 1097 3932 esse
1113 3865 1388 3946 nuetfnerus2)

149 3970 323 4051 probabile
349 3971 497 4052 reddidit,
524 3973 668 4036 tabulam
699 3990 797 4054 quam
828 3973 998 4056 inscripsit
1025 3967 1187 4056 „dvocydd‘
1216 3971 1388 4036 docuisse.

149 4075 217 4140 Sed
228 4077 291 4141 iam
302 4077 361 4140 hac
376 4078 406 4141 in
417 4098 451 4141 re
464 4078 560 4143 valde
575 4078 724 4143 dubitare
734 4080 818 4160 licet,
833 4099 907 4142 curn
918 4097 987 4160 quo
1001 4084 1153 4161 ternpore
1164 4077 1388 4160 Demophilus

148 4209 345 4218 ...ῳ-...ᾑ-

240 4266 262 4333 1)
282 4266 324 4318 Ci.
344 4266 560 4330 Siewertus‚
582 4266 691 4318 Plautus
713 4266 737 4317 in
762 4266 857 4333 Amph.
876 4266 967 4318 tabula
986 4267 1127 4333 quomodo
1148 4268 1285 4333 exemplar
1304 4264 1389 4317 Grae-

148 4351 209 4388 cum
229 4339 404 4390 transtulerit.
443 4337 518 4389 Diss.
539 4337 628 4404 inaug.
649 4337 721 4403 lips.
743 4337 819 4389 1894.
863 4336 915 4404 Qui
936 4337 976 4389 vir
995 4339 1094 4390 doctus
1115 4340 1209 4390 eadem
1231 4338 1335 4389 ratione
1355 4354 1387 4388 se

148 4407 215 4459 alias
235 4425 346 4476 quoque
365 4410 471 4461 tabulas
491 4413 713 4476 pertractaturum
735 4424 799 4460 esse
820 4408 957 4476 pollicitus
980 4414 1032 4461 est.

236 4481 261 4545 2)
282 4481 323 4532 Ci.
344 4481 535 4532 tlueiineri
562 4481 783 4532 dissertationem
805 4481 904 4547 inaug„
925 4496 1004 4548 quam
1031 4481 1143 4547 scripsit
1163 4482 1215 4544 „de
1235 4480 1319 4532 Plauti
1341 4497 1388 4532 co⁴

149 4551 317 4603 moediarum
339 4555 453 4620 exempl.
473 4553 588 4605 Attico‘⁴.
626 4551 700 4604 Gott.
721 4552 789 4603 1894
809 4569 834 4619 p.
854 4553 896 4603 54.
943 4552 1018 4604 lldde
1039 4569 1109 4619 quae
1129 4553 1158 4604 Α.
1179 4552 1273 4603 l·lolm
1295 4553 1388 4621 dispu-

147 4623 227 4676 stavit
247 4624 272 4675 in
293 4624 456 4677 hebdomad.
495 4625 585 4677 Berol.
607 4624 674 4676 1894
694 4640 720 4692 p.
742 4623 817 4677 1254.
