3384 5342
729 425 951 488 ...qq-².

222 597 368 682 quadret.
417 595 466 664 Cl.
492 598 618 664 dehac
644 620 678 665 re
708 619 794 685 quae
827 604 948 683 postea
980 601 1021 665 de
1054 599 1305 683 compositione
1339 599 1458 665 Asina-

221 705 299 770 riae
313 725 481 789 exponam
508 726 537 790 p.
555 707 605 772 32.
619 791 624 800 .
1029 775 1031 782 ,

311 812 375 876 lam
400 816 612 878 transeamus
636 814 677 879 ad
704 813 788 904 illam
816 814 1050 898 quaestionem
1068 833 1166 898 quam
1186 814 1272 879 idem
1300 813 1459 880 Schen-

222 917 364 984 kelius
394 920 520 1002 primus
545 921 659 1005 tetigit,
684 941 761 985 num
788 940 936 1002 scenam,
962 940 1029 1005 qua
1051 920 1207 985 diabolus
1233 925 1266 985 et
1284 919 1459 986 Cleaereta

221 1026 252 1090 in
285 1045 422 1090 scenam
456 1027 621 1109 prodeant
650 1031 750 1110 atque
783 1027 866 1091 inter
887 1047 935 1092 se
972 1027 1214 1111 colloquantur,
1250 1046 1318 1112 quo
1351 1028 1459 1110 pretio

221 1133 335 1197 soluto
361 1131 527 1199 Diabolus
553 1153 613 1216 per
635 1137 750 1199 totum.
772 1153 896 1198 annum
923 1132 1095 1198 Philaenio
1118 1134 1180 1200 lrui
1209 1135 1329 1217 possit,
1361 1134 1458 1199 inter-

222 1239 347 1304 cidisse
373 1239 585 1304 statuendum
611 1239 660 1304 sit.
708 1236 925 1322 Quamquam
948 1259 1015 1304 non
1040 1240 1116 1311 ‘sine
1140 1240 1250 1324 aliqua
1279 1240 1458 1323 probabili-

221 1346 296 1411 latis
329 1346 446 1429 specie
480 1345 543 1410 dici
580 1365 688 1428 posse
726 1339 1106 1427 concedoDiabolum,
1142 1346 1239 1410 cuius
1270 1351 1346 1411 ante
1372 1345 1460 1412 111.3.

222 1453 260 1533 (v.
285 1452 361 1534 034)
387 1453 526 1517 omnino
556 1451 681 1517 mentio
708 1471 774 1517 non
800 1452 857 1517 liat
886 1453 1009 1537 quique
1036 1452 1083 1516 lV.
1102 1467 1124 1518 r.
1149 1453 1376 1538 syngraphum
1402 1454 1459 1518 ad·

220 1559 311 1641 ierat,
336 1560 377 1624 de
402 1578 471 1644 quo
496 1557 570 1622 lena
600 1558 662 1623 nisi
692 1578 767 1622 cum
793 1557 984 1644 Argyrippo
1011 1558 1113 1648 verba
1142 1577 1209 1622 non
1240 1557 1327 1639 lecit,
1351 1559 1459 1641 primo

220 1669 295 1730 actu
321 1665 357 1729 in'
378 1684 516 1729 scenam
542 1665 676 1748 prodire
700 1668 800 1749 atque
826 1683 901 1729 cum
928 1665 1001 1729 lena
1027 1664 1175 1749 colloqui
1201 1683 1347 1729 necesse
1369 1685 1459 1747 esse,

220 1776 329 1836 tamen
356 1791 390 1836 re
416 1771 531 1837 iterum
557 1771 742 1856 iterumque
768 1772 934 1854 pensitata
957 1771 1068 1839 lacere
1098 1790 1165 1835 non
1196 1787 1351 1855 possum,
1380 1772 1458 1855 quin

220 1878 317 1942 talem
345 1897 483 1943 scenam
514 1878 685 1943 exstitisse
718 1897 850 1962 negem.
898 1876 1024 1966 Etenim
1051 1878 1191 1960 primum
1218 1878 1281 1942 iam
1307 1878 1361 1943 l.3.
1386 1879 1460 1943 lena

221 2004 421 2069 quamquam
463 2003 530 2048 non
573 1984 707 2049 disertis
746 1984 859 2049 verbis
897 1982 1030 2048 Diaboli
1073 1984 1278 2049 mentionem
1313 1983 1393 2050 lacit
1427 1989 1460 2050 et

219 2092 387 2155 aemulum
412 2089 590 2175 Argyrippi
619 2090 745 2155 adesse
775 2090 923 2155 obscure
953 2089 1030 2154 dicit
1042 2086 1072 2171 ¹).
1121 2089 1254 2155 Deinde
1284 2091 1349 2156 alio
1375 2087 1459 2175 qu'o·

221 2217 285 2282 que
317 2199 395 2262 loco
427 2198 534 2262 lenam
561 2185 676 2262 iusius
708 2197 749 2261 de
783 2196 944 2278 Diabolo,
976 2196 1153 2282 Argyrippi
1184 2197 1327 2278 aemulo,
1357 2198 1459 2262 verba
1491 2227 1500 2245 ·

220 2304 347 2369 iecisse
376 2303 584 2388 argumentis
614 2302 746 2386 probari
772 2322 881 2387 posse
906 2306 997 2387 puto.
1044 2301 1248 2391 Quicunque
1272 2303 1360 2368 enim
1390 2304 1460 2369 dili-

222 2411 357 2497 gentius
387 2410 518 2494 inquirit
547 2410 577 2474 in
606 2409 706 2475 linem
738 2409 864 2493 primae
893 2409 976 2474 tertii
997 2413 1097 2473 actus
1122 2428 1258 2491 scenae,
1289 2430 1365 2475 eum
1392 2428 1459 2476 non

221 2517 359 2602 ellugiet
383 2517 521 2582 omnino
547 2517 714 2601 cognosci
740 2536 807 2581 non
833 2535 951 2600 posse,
983 2516 1140 2600 quidnam
1167 2514 1351 2598 Cleaereta,
1382 2537 1457 2582 cum

218 2625 319 2690 nrum
356 2625 492 2689 domum
530 2623 620 2688 autre
657 2623 792 2689 usserit
826 2623 960 2708 rrnaque
993 2623 1130 2688 domum
1162 2606 1279 2688 aurern
1310 2624 1348 2706 (v.
1372 2623 1459 2706 544),

219 2731 326 2796 iaciat.
349 2788 353 2796 .
373 2731 437 2795 lam
471 2730 568 2795 huius
600 2750 725 2795 scenae
755 2730 833 2794 linis
864 2730 960 2794 valde
994 2729 1071 2793 mihi
1103 2731 1134 2794 in
1167 2730 1366 2812 suspicione
1397 2735 1459 2811 est,

221 2858 298 2904 num
331 2837 462 2923 integer
496 2837 537 2902 ad
575 2857 639 2900 nos
677 2837 888 2920 pervenerit:
920 2834 1208 2921 frequentissimo
1245 2837 1333 2900 enim
1368 2836 1457 2919 apud

222 2941 373 3008 Plautum
400 2963 463 3009 usu
488 2943 531 3024 lit,
558 2948 591 3008 ut
616 2963 764 3026 persona
789 2945 864 3007 sola
889 2944 919 3008 in
946 2963 1050 3008 scena
1074 2943 1187 3008 relicta
1212 2943 1330 3026 paucis
1346 2943 1458 3008 verbis

205 3050 479 3134 -explicetpquid
510 3051 540 3114 in
561 3044 683 3114 ¹animo
709 3045 869 3131 habead).
917 3049 1005 3131 Quid
1036 3050 1135 3135 igitur
1164 3050 1290 3130 mirum,
1320 3049 1348 3113 si
1378 3054 1459 3132 post

219 3178 247 3222 v.
271 3156 337 3221 544
362 3157 543 3222 nonnullos
567 3175 688 3221 versus
714 3156 926 3221 intercidisse
951 3161 1117 3240 putamus,
1142 3156 1265 3242 quibus
1289 3176 1375 3239 quae
1393 3156 1458 3221 hoc

221 3264 298 3328 loco
325 3264 558 3329 desideramus
584 3262 691 3327 lenam
718 3262 829 3327 dicere
855 3263 1052 3344 conicimus,
1077 3262 1205 3328 scilicet
1229 3262 1326 3326 haec:
1351 3282 1458 3343 „nunc

221 3365 304 3436 cum'
321 3370 526 3455 Argyrippo,
556 3369 610 3453 qui
640 3388 757 3436 rursus
782 3369 913 3437 iniussu
939 3389 1016 3433 meo
1041 3370 1147 3434 aedes
1173 3373 1307 3433 nostras
1332 3369 1460 3434 intravit

221 3477 272 3559 (cl.
296 3499 325 3542 v.
349 3472 456 3559 329³),
486 3477 633 3541 ultimum
660 3475 834 3561 colloquar
858 3466 956 3560 eique
981 3477 1159 3541 ostendam
1187 3474 1367 3542 Diabolum
1393 3476 1458 3540 boc

224 3584 300 3667 ipso
327 3584 379 3648 die
403 3583 517 3668 viginti
543 3583 651 3648 minas
676 3583 848 3647 allaturum
874 3602 964 3662 esse,
990 3587 1023 3646 ut
1041 3582 1103 3647 nisi
1128 3582 1203 3665 ipse
1228 3583 1337 3646 statim
1360 3602 1458 3666 quam

221 3691 388 3773 postulavi
415 3690 590 3774 pecuniam
623 3689 749 3754 adferet
779 3690 866 3754 nulla
896 3690 1146 3772 recuperandae
1172 3687 1331 3754 Philaenii
1360 3709 1457 3773 spem

223 3797 332 3862 relicta
358 3796 441 3870 sit‘f?
487 3796 568 3860 Tum
587 3800 619 3860 et
636 3797 711 3869 lena
728 3796 865 3861 domum
888 3795 954 3860 abit
971 3796 1131 3880 domique
1149 3796 1223 3860 eius
1241 3797 1331 3880 quod
1354 3797 1463 3861 modo.

222 3904 367 3987 exposui
384 3903 578 3988 argumenti
604 3903 809 3986 colloquium
835 3902 942 3966 habet.
990 3901 1072 3966 Nam
1098 3902 1161 3966 nisi
1186 3902 1268 3966 haec
1285 3907 1359 3967 acta
1376 3888 1457 3968 esse

312 4127 336 4195 1)
355 4125 397 4178 Cl.
416 4142 440 4178 v.
459 4125 506 4176 231
532 4163 538 4176 .
558 4162 564 4176 .
584 4163 591 4176 .
610 4123 638 4177 si
655 4123 731 4178 ultus
746 4124 831 4190 prius
849 4122 989 4188 attulerit,
1009 4126 1040 4177 tu
1059 4123 1128 4176 vul.

311 4197 335 4265 2)
355 4197 396 4250 Ci.
415 4201 443 4249 ut
463 4213 495 4248 ex
511 4195 607 4259 tribuS,
630 4211 698 4263 quas
718 4195 789 4247 lorte
809 4195 897 4249 evolvi
916 4195 1014 4248 fabulis
1034 4198 1157 4262 exempla
1178 4195 1298 4258 aiteram,
1318 4195 1459 4248 Asinariae

195 4319 197 4322 ,
222 4285 264 4321 νν.
285 4268 431 4332 118-126,
451 4267 604 4331 243-248;
627 4267 868 4331 Menaechmorum
888 4284 929 4320 vv.
942 4266 1091 4330 eutr-701,
1104 4265 1254 4331 957-965,
1270 4266 1457 4333 1039-10495

222 4339 385 4391 Mercatoris
404 4357 446 4392 vv.
464 4338 614 4403 3284334,
633 4339 784 4390 ool-ooo.

310 4411 336 4481 3)
352 4411 426 4477 ‚luter
446 4411 558 4478 primum
586 4409 656 4462 enim
684 4415 710 4462 et
736 4411 887 4461 secundum
914 4413 1002 4461 actum
1030 4411 1116 4460 lenam
1143 4408 1254 4474 exiisse,
1280 4409 1457 4478 Argyrippum

225 4487 313 4534 autem
335 4482 452 4534 rediisse
480 4487 506 4534 et
532 4481 707 4533 al'hilaenio
735 4484 874 4547 receptum
895 4495 960 4532 esse
981 4480 1159 4533 conieoimus.
1204 4480 1256 4532 lam
1277 4483 1337 4533 luce
1357 4481 1457 4534 clarius

153 4599 155 4603 ,
225 4557 275 4618 est,
296 4569 344 4605 cur
364 4556 424 4606 lena
444 4551 484 4606 lll.
505 4553 514 4603 l
539 4554 609 4604 adeo
630 4552 655 4604 in
675 4551 755 4604 liliam
777 4551 931 4603 invehatur:
952 4551 986 4604 ct.
1006 4551 1085 4604 etiam
1105 4551 1173 4604 inira
1193 4569 1219 4620 p.
1236 4551 1281 4605 32.
