3384 5342
783 448 1005 514 ...24-

274 623 467 706 deperditae
485 624 718 708 eccyclematis
736 645 799 689 usu
818 625 902 690 inter
914 647 941 689 v.
953 622 1098 704 8001810
1116 625 1247 708 positae
1266 623 1424 711 reliquiae
1442 628 1516 708 sint,

274 749 372 813 quam
399 730 597 795 sententiam
623 729 1085 815 Ribbeckius¹lprotulit
1121 731 1282 817 Equidem
1301 731 1516 799 Ribbeekii

227 877 230 885 ι
274 837 472 901 sententiam
507 837 759 920 praeferendam
790 859 871 903 esse
903 843 1000 922 puto,
1033 859 1107 905 cum
1134 860 1201 904 non
1233 840 1276 904 ita
1301 839 1434 906 difficile
1466 842 1516 921 sit,

274 944 450 1027 quomodo
472 945 502 1008 in
529 965 604 1008 eum
624 945 678 1010 ubi
704 965 792 1010 nunc
810 949 942 1011 exstant
966 946 1077 1011 locum
1099 947 1300 1030 irrepserint,
1324 946 1516 1012 coniectura

273 1051 436 1134 augurari.
484 1051 566 1115 Nam
592 1071 666 1116 cum
693 1052 918 1138 eccyclemate
943 1053 1041 1117 etiam
1064 1053 1180 1138 quinto
1203 1058 1278 1118 actu
1304 1073 1394 1137 opus
1412 1060 1515 1134 esset,

273 1155 344 1221 fieri
363 1160 502 1240 poterat,
525 1177 594 1242 quo
610 1157 740 1222 facilius
756 1157 868 1224 fabula
886 1159 1000 1224 doceri
1018 1164 1147 1242 posset,
1171 1165 1206 1225 ut
1223 1161 1381 1225 dominus
1398 1161 1515 1255 gregis

274 1262 407 1327 brevem
440 1264 623 1328 admodum
657 1285 794 1329 scenam
824 1266 906 1331 intra
930 1287 958 1330 v.
975 1266 1040 1333 800
1065 1272 1097 1332 et
1121 1268 1186 1332 810
1216 1267 1356 1333 omnino
1387 1286 1514 1351 expun-

274 1357 383 1454 geret,
418 1370 542 1435 initium
567 1375 677 1436 autem
703 1391 829 1437 scenae
855 1373 886 1436 in
912 1374 1062 1458 margine
1086 1375 1277 1455 adnotaret,
1313 1374 1368 1456 qui
1393 1379 1514 1458 postea

273 1480 383 1540 autem
408 1476 553 1541 fabulam
587 1475 780 1561 descripsit,
813 1479 889 1544 illos
912 1500 1049 1561 versuS,
1082 1481 1192 1564 utqui
1217 1481 1258 1544 ad
1290 1479 1394 1565 quinti
1418 1485 1515 1567 actus
1602 1477 1605 1480 ’

272 1581 398 1676 primae
430 1602 555 1648 scenae
586 1604 722 1665 versus,
755 1584 817 1650 nisi
844 1587 935 1669 quod
961 1577 1068 1652 'metro
1099 1587 1197 1653 alieni
1230 1591 1356 1667 essent,
1388 1588 1514 1670 optime

273 1684 480 1774 quadrarent,
505 1690 569 1756 hoc
594 1691 625 1754 in
652 1692 730 1756 loco
754 1697 999 1776 transponeret.

860 1883 927 1968 §a

362 2006 426 2071 lam
452 2012 486 2073 ut
517 2007 600 2072 hanc
633 2008 674 2073 de
704 2006 789 2073 locis
821 2007 1004 2092 deperditis
1035 2010 1296 2093 disputationem
1328 2010 1515 2093 absolvam,

273 2117 375 2178 restat
393 2118 425 2178 nt
442 2115 560 2196 paucis
584 2135 683 2201 agam
705 2116 746 2180 de
771 2115 1010 2182 minoribus
1034 2116 1161 2201 aliquot
1176 2116 1308 2182 fabulae
1335 2118 1515 2184 lacunis.

271 2219 414 2284 Versum
441 2216 590 2285 exidisse
622 2221 673 2285 his
697 2221 767 2286 fere
799 2223 885 2286 locis
911 2223 1123 2287 statuendum
1156 2244 1237 2288 esse
1269 2225 1346 2290 mihi
1378 2224 1513 2310 quidem

273 2326 415 2391 videtur:
452 2327 592 2410 primum
626 2332 705 2410 post
728 2349 755 2392 v.
780 2327 861 2409 538,
893 2348 967 2393 curn
994 2349 1140 2413 quonam
1172 2332 1255 2395 haee
1287 2332 1383 2396 lenae
1413 2332 1515 2398 verba

272 2432 310 2514 (v.
335 2432 424 2514 538),;

430 2539 541 2604 Meum
570 2545 670 2622 caput
699 2542 906 2624 contemptas,
929 2542 962 2606 si
983 2542 1113 2624 quidem
1137 2559 1178 2608 ex
1202 2561 1237 2608 re
1260 2547 1431 2612 consultus
1454 2551 1515 2612 tua

261 2650 428 2735 ¹spectent
451 2646 505 2710 vix
522 2646 668 2733 intellegi
687 2649 805 2730 possit.
854 2645 963 2730 Quam
984 2649 1225 2714 obscuritatem
1244 2652 1356 2733 deleri,
1380 2653 1409 2717 si
1434 2657 1514 2736 post

271 2752 358 2815 hunc
369 2772 502 2816 versum
515 2753 578 2817 tale
592 2754 670 2837 quid
686 2758 840 2835 exstaret,
852 2755 949 2838 quale
962 2755 1107 2820 llrlostell.
1131 2757 1197 2822 200
1208 2777 1257 2841 sq.
1268 2757 1302 2839 ²),
1312 2755 1512 2842 Leonem³l

272 2863 361 2922 recte
394 2858 601 2925 observasse
632 2864 779 2944 apparet.
827 2859 1004 2926 Praeterea
1037 2867 1116 2945 post
1142 2883 1278 2928 versum
1302 2865 1367 2929 547
1392 2869 1425 2929 et
1447 2866 1513 2931 552

272 2963 409 3028 lacunas
433 2985 513 3029 esse
539 2966 601 3030 iam
628 2965 944 3033 Fleckeisenus
960 2969 1047 3049 vidit,
1071 2988 1146 3035 cum
1173 2974 1314 3056 utroque
1339 2972 1417 3037 loco
1440 2993 1512 3038 ver·

271 3070 349 3135 bum
377 3071 472 3135 desit.

361 3176 413 3243 De
445 3178 517 3242 aliis
550 3198 636 3262 quas
659 3179 716 3244 viri
749 3180 837 3245 docti
869 3181 1054 3266 indagasse
1086 3182 1150 3247 sibi
1181 3183 1242 3247 visi
1274 3189 1352 3250 sunt
1383 3186 1512 3252 lacunis

204 3356 205 3365 χ
270 3282 339 3348 iure
364 3283 503 3374 dubitari
521 3305 630 3369 posse
654 3286 731 3351 mihi
749 3288 919 3369 persuasi:
943 3289 1031 3353 velut
1057 3309 1124 3353 non
1143 3294 1203 3370 est,
1228 3309 1287 3355 cur
1303 3295 1383 3373 post
1406 3312 1433 3356 v.
1446 3291 1512 3357 225

204 3370 206 3380 ’
269 3389 367 3453 huius
399 3391 586 3456 sententiae
615 3393 816 3457 versiculum
849 3394 1019 3459 excidisse
1052 3394 1119 3479 (sin
1155 3394 1291 3461 ductore
1316 3398 1510 3479 postulavit,

269 3497 380 3578 iungit
404 3496 526 3575 viscus,
551 3502 669 3581 coptus
693 3496 757 3583 esf)
785 3499 917 3564 Leoni
942 3503 1188 3583 concedamus,
1220 3524 1295 3568 cum
1322 3505 1435 3590 imago
1459 3506 1511 3571 illa

270 3602 332 3666 iam
360 3604 442 3668 satis
467 3603 537 3669 trita
564 3605 663 3669 nobis
687 3606 837 3671 videatur
865 3627 955 3672 esse.
1014 3608 1116 3672 Etiam
1147 3631 1186 3673 ea
1211 3631 1298 3694 quae
1323 3609 1407 3676 Leo
1432 3616 1512 3694 post

269 3730 296 3773 v.
321 3709 386 3774 257
411 3710 622 3777 intercidisse
655 3716 746 3795 putat
759 3710 784 3794 4)
817 3733 884 3776 non
917 3714 1091 3795 desidero,
1124 3735 1198 3780 cum
1234 3717 1276 3781 ita
1299 3717 1370 3782 fere
1396 3718 1510 3783 Libani

268 3817 370 3880 verba
395 3817 619 3903 intellegenda
645 3839 725 3883 esse
746 3823 876 3902 putem:
902 3821 1037 3885 multum
1064 3842 1151 3886 nunc
1177 3823 1275 3888 distat
1300 3824 1384 3888 inter
1408 3830 1511 3890 meet

268 3923 404 3988 aliarum
423 3926 674 3990 comoediarum
694 3945 823 3991 servos.
872 3925 953 3993 Nam
975 3927 1016 3992 illi
1034 3948 1125 3992 erum
1140 3928 1342 4024 defraudare
1360 3932 1510 3996 student:

360 4146 369 4197 1
404 4148 430 4200 L.
450 4164 473 4201 s.
494 4165 517 4201 s.
557 4145 685 4201 ‚57585
1093 4200 1094 4203 ,

358 4150 383 4287 2l
402 4215 470 4273 Nilo
490 4152 649 4286 egopqnaln
668 4232 743 4274 nunc
763 4223 793 4273 ru
813 4223 912 4274 amota
928 4225 1093 4289 sumatque
1114 4223 1166 4277 uni
1183 4225 1269 4279 modo
1285 4225 1369 4292 gessi
1386 4239 1511 4280 morem.-

347 4354 348 4358 Ἰ
403 4289 461 4354 Qui
473 4290 529 4356 poi
545 4304 595 4356 me,
622 4289 784 4345 uolnerare
803 4291 858 4346 lroc
877 4295 966 4359 caput
985 4293 1109 4348 colorem
1129 4297 1321 4362 commutavit,

401 4360 529 4428 Reliquit
547 4362 729 4430 deseruitque
747 4377 791 4416 me
811 4380 835 4415 e.
856 4381 881 4431 q.
902 4380 925 4416 s.

356 4432 382 4500 3)
403 4431 444 4484 Cf.
464 4434 507 4485 ed.
527 4437 560 4502 (a.
582 4435 657 4502 1895)
678 4451 703 4501 p.
723 4435 757 4486 73
777 4436 839 4487 adn.
859 4437 892 4487 ad
913 4452 937 4487 ν.
956 4436 1017 4488 538.

289 4573 304 4625 ,Ι
356 4503 383 4626 ql)
404 4503 429 4626 q..
450 4520 473 4556 s,
493 4521 516 4556 s,
537 4522 562 4572 p.
581 4505 615 4557 03
635 4507 711 4558 adn:
732 4522 832 4573 „quom
854 4508 887 4558 ad
908 4509 1022 4593 salutem
1043 4508 1081 4560 eri
1102 4510 1270 4562 advocantur
1289 4510 1377 4563 eidem
1398 4512 1509 4580 ingenio

270 4590 294 4625 nr
324 4590 358 4627 va
368 4591 401 4626 en
415 4585 439 4628 “.
