3384 5342
773 511 995 575 -34-

266 685 347 754 ΙΙΙΙ.
372 685 460 768 (533)
484 686 505 752 3
530 685 569 768 (v.
591 687 667 768 594)
699 686 738 752 cf.
762 709 790 752 v.
812 686 878 754 329
907 707 1063 773 magnam
1094 688 1176 752 haec
1205 707 1281 753 cum
1305 687 1507 753 Truculento

266 793 512 862 similitudinem
539 792 686 858 habent“.

356 899 424 966 Sed
462 891 656 985 priusqiram
693 901 734 966 ad
772 901 880 983 ipsam
916 901 1122 966 accedamus
1157 921 1241 982 rem,
1276 901 1373 966 liceat
1406 901 1507 967 nobis

266 1006 356 1090 quod
389 1006 441 1072 ille
473 1006 608 1072 brevius
640 1006 809 1091 pauloque
841 1007 1023 1072 obscurius
1055 1008 1135 1072 dixit
1164 1007 1333 1091 aliquanto
1370 1007 1507 1088 uberius

264 1112 443 1198 fusiusque
469 1133 650 1196 exponere.
698 1113 780 1178 Nam
806 1115 897 1199 quod
921 1115 963 1178 ad
989 1136 1017 1179 v.
1034 1114 1100 1179 533
1125 1119 1157 1178 et
1175 1114 1241 1180 594
1265 1115 1387 1194 attinet,
1410 1115 1507 1178 valde

266 1219 448 1286 dolendum
474 1225 535 1300 est,
564 1221 655 1304 quod
686 1220 809 1305 quibus
834 1221 937 1285 rebus
963 1221 993 1285 in
1019 1221 1070 1285 fris
1094 1220 1250 1286 versibus
1275 1219 1431 1285 offensus
1457 1221 1508 1301 sit,
1577 1260 1581 1264 Α

266 1346 333 1391 non
360 1327 458 1409 piane
490 1326 585 1392 dicat.
632 1325 709 1391 Mea
741 1327 877 1411 quidem
909 1328 1075 1392 sententia
1106 1347 1241 1393 versum
1273 1327 1339 1391 533
1371 1325 1428 1410 (ne
1451 1327 1509 1391 ille

208 1445 210 1449 ·
265 1436 399 1499 ecastor
418 1431 493 1498 lzinc
515 1431 669 1498 trudetur
690 1433 809 1516 largus
833 1434 1058 1498 lacrumarum
1076 1431 1194 1517 forus)
1224 1433 1274 1498 eis
1299 1454 1386 1517 quae
1410 1438 1508 1498 antea

268 1540 413 1623 aguntur
437 1539 647 1622 respondere
673 1544 781 1624 negat,
815 1559 891 1605 cum
921 1540 984 1604 ianr
1017 1540 1109 1623 prius
1141 1539 1366 1624 Argyrippum
1391 1560 1410 1604 a
1434 1541 1509 1604 lena

188 1685 190 1690 -
267 1646 419 1711 edomo
452 1645 594 1712 eiectum
620 1667 701 1712 esse
726 1651 860 1712 constet
885 1646 936 1728 (cf.
954 1669 982 1711 v.
1007 1647 1089 1728 127).
1135 1647 1278 1712 Versum
1308 1650 1418 1711 autem
1444 1646 1509 1711 394

266 1749 597 1836 (mutersupremum
621 1752 703 1818 milri
724 1758 783 1818 tua
807 1753 899 1829 dixit,
923 1752 1056 1818 domum
1072 1752 1121 1818 ire
1135 1751 1248 1836 iussit)
1268 1752 1354 1817 haud
1372 1753 1447 1818 scio
1464 1773 1505 1816 an

268 1858 493 1925 difficultatem
519 1859 682 1943 praebere
706 1860 785 1925 ideo
811 1865 912 1944 putet,
942 1861 1033 1945 quod
1058 1861 1123 1926 hoc
1147 1880 1247 1924 versu
1278 1864 1379 1943 poeta
1403 1859 1509 1943 Argy-

267 1965 398 2049 rippum
439 1966 480 2031 ita
521 1966 714 2051 loquentem
753 1968 840 2049 facit,
882 1973 914 2032 ut
951 1972 1030 2051 post
1058 1989 1086 2032 v.
1110 1967 1177 2033 248
1213 1986 1280 2032 non
1317 1967 1380 2030 iam
1418 1966 1510 2030 domi

268 2072 464 2139 Cleaeretae
489 2079 644 2139 versatus
662 2095 743 2140 esse
760 2075 919 2156 videatur,
944 2094 1145 2158 quamquam
1164 2094 1206 2138 ex
1222 2095 1250 2138 v.
1263 2073 1328 2139 329
1341 2072 1510 2157 cognosci

268 2183 382 2262 potest
406 2201 483 2248 eum
509 2180 646 2246 domum
673 2171 870 2247 Cleaeretae
894 2202 1012 2246 rursus
1037 2182 1189 2247 intrasse.

361 2287 424 2351 lam
451 2292 485 2352 ut
510 2292 685 2373 utrumque
709 2289 878 2370 versum¹l
908 2309 973 2353 una
1003 2288 1231 2373 disputatione
1261 2287 1512 2366 adumbremus,

269 2392 464 2476 priusquam
505 2394 613 2478 ipsam
654 2395 879 2461 difficultatem
916 2400 1106 2476 tractemus,
1145 2395 1231 2459 haud
1264 2393 1377 2459 inutile
1410 2391 1511 2456 nobis

200 2519 204 2527 ·
268 2500 397 2566 videtur
427 2520 600 2584 exponere
631 2502 788 2582 quidnam
821 2506 898 2566 ante
930 2507 962 2567 et
992 2507 1071 2584 post
1102 2502 1197 2566 lenae
1228 2520 1304 2564 curn
1337 2498 1511 2564 meretrice

270 2607 474 2689 colloquium
501 2607 557 2689 (ill.
577 2608 612 2689 Ι.)
636 2607 805 2672 accidisse
835 2609 1049 2673 statuendum
1080 2607 1129 2671 sit.
1177 2606 1387 2691 Argyrippus
1413 2605 1511 2684 enim,

270 2733 345 2778 cum
371 2717 450 2796 post
476 2714 493 2778 Ι.
515 2727 541 2781 3.
565 2713 603 2795 (v.
627 2715 704 2796 248)
731 2715 760 2778 in
786 2715 895 2779 forum
922 2715 1071 2794 abiisset,
1103 2713 1166 2777 sibi
1191 2717 1301 2778 autem
1333 2711 1510 2795 pecuniam

270 2839 466 2905 comparare
491 2840 558 2886 non
585 2821 766 2904 potuisset,
795 2842 913 2886 rursus
938 2822 978 2886 ad
1005 2818 1211 2885 Philaenium
1237 2819 1378 2884 redierat
1402 2823 1511 2899 atque,

271 2947 346 2991 cunr
371 2931 477 2992 mater
500 2928 649 3008 exiisset,
674 2927 716 2992 ab
734 2949 774 2992 ea
791 2933 949 3011 receptus
975 2925 1084 3008 erat2l.
1125 2926 1193 2992 Sed
1213 2946 1288 2990 cum
1306 2927 1380 2990 fena
1405 2925 1510 2989 redis-

271 3038 323 3098 set
346 3034 515 3115 liliamque
548 3034 678 3100 iniussu
712 3054 776 3098 suo
808 3039 991 3099 amatorem
1024 3035 1138 3099 denno
1170 3033 1345 3116 recepisse
1375 3031 1512 3110 videret,

270 3141 311 3204 ad
338 3162 386 3221 ea,
412 3157 498 3222 quae
524 3141 628 3224 prima
653 3141 736 3207 tertii
761 3146 857 3206 actus
883 3161 987 3205 scena
1010 3142 1174 3221 videmus,
1199 3140 1332 3225 agenda
1353 3157 1428 3201 cum
1444 3137 1512 3201 filia

272 3267 291 3311 e
309 3247 412 3310 domo
438 3247 504 3312 exit
528 3247 651 3328 (neque
669 3247 756 3313 enim
774 3248 868 3312 aliter
884 3253 985 3332 poeta
1003 3247 1086 3312 haec
1104 3245 1353 3329 spectatoribus
1371 3245 1513 3308 demon·

272 3359 375 3424 strare
394 3349 564 3436 poteram),
578 3355 788 3439 gravissimis
807 3354 969 3419 conviciis
987 3374 1060 3418 eam
1079 3353 1197 3435 obruit,
1211 3371 1346 3417 ornnem
1365 3350 1511 3430 denique

271 3480 340 3524 rem
373 3461 486 3526 denuo
518 3461 651 3526 evolvit:
688 3463 778 3542 quod
812 3462 888 3526 nihil
921 3461 1132 3544 sperandum·
1158 3463 1253 3524 esset
1283 3458 1326 3521 ab
1361 3460 1512 3521 amatore

273 3565 485 3649 pauperrimo
504 3568 665 3649 quodque
689 3568 781 3650 prius
800 3568 889 3632 fame
910 3572 1127 3647 morerentur,
1144 3584 1243 3647 quam
1264 3565 1306 3628 ab
1320 3563 1513 3648 Argyrippo

273 3673 448 3756 pecuniam
474 3674 673 3757 acciperent.
722 3674 815 3738 Nunc
841 3693 959 3739 secum
978 3674 1195 3738 constitutum
1213 3664 1294 3737 esse
1312 3671 1389 3735 dicit
1406 3669 1512 3754 Argy-

272 3780 401 3860 rippum
418 3779 511 3844 foras
529 3780 670 3845 eiectum
690 3781 735 3861 iri,
760 3781 823 3844 nisi
842 3781 908 3845 hoc
925 3781 1001 3861 ipso
1023 3781 1076 3844 die
1100 3779 1214 3864 viginti
1238 3779 1370 3842 afferret
1395 3775 1513 3839 minas.

274 3885 358 3950 Post
383 3887 588 3968 colloquium
608 3887 803 3952 Cleaeretae
829 3906 904 3951 cum
924 3885 1096 3951 Philaenio
1122 3891 1226 3952 mater
1247 3885 1347 3949 filiam
1374 3884 1512 3948 domum

272 3992 363 4056 abire
401 3993 491 4057 iubet
524 3994 666 4076 ipsaque
699 3998 878 4074 postquam
911 4015 950 4058 ea
982 4011 1068 4074 quae
1100 3994 1271 4058 excidisse
1303 3986 1513 4068 statuimus4)

273 4099 374 4163 verba
398 4099 476 4164 fecit
500 4120 573 4164 eam
600 4100 757 4182 sequitur.
807 4100 851 4164 lbi
876 4099 1094 4185 Argyrippus
1126 4101 1181 4182 qui
1211 4103 1244 4163 ut
1273 4115 1374 4178 supra
1400 4094 1514 4159 conie-

365 4288 388 4357 1)
408 4287 521 4340 Versum
541 4288 576 4340 89
595 4289 638 4340 vix
658 4288 841 4340 difficultatem
863 4290 996 4356 praebere
1016 4305 1100 4357 supra
1119 4292 1154 4356 (p.
1175 4287 1208 4337 14
1227 4290 1297 4355 sqq.)
1317 4283 1436 4338 ostendi.

364 4359 390 4428 2)
410 4359 469 4410 Νοη
497 4365 570 4412 recte
598 4360 844 4428 Langrelrrius
871 4364 896 4431 (l.
916 4377 939 4412 s.
960 4377 984 4413 s.
1004 4377 1029 4427 p.
1048 4361 1074 4429 4)
1101 4362 1184 4426 post
1204 4356 1243 4421 ΙΙΙ,
1266 4357 1275 4408 Ι
1299 4355 1515 4424 Argyrippuma

277 4430 416 4482 Philaenis
446 4436 584 4498 receptum
615 4448 680 4484 esse
709 4432 868 4484 coniecisse
897 4433 1011 4484 videtur.
1055 4431 1096 4483 Cf.
1124 4428 1360 4481 Ribbeckium
1390 4430 1415 4496 (l.
1439 4443 1463 4477 s.
1489 4441 1514 4477 S.

275 4517 300 4570 p.
320 4502 419 4572 55756),
440 4501 505 4554 Lan
513 4520 640 4571 genum
660 4504 688 4574 (Ι.
708 4520 730 4556 ε.
751 4520 773 4556 ε.
793 4520 819 4571 p.
840 4505 900 4574 100)
919 4521 944 4556 v.
962 4504 1024 4556 329.

363 4575 389 4644 3)
409 4574 597 4643 Eccyclemate
612 4577 685 4644 quod
705 4580 818 4628 vocatur
832 4576 953 4628 Plautum
976 4592 1054 4627 usum
1073 4590 1138 4626 esse
1153 4572 1292 4625 rarissima
1312 4575 1375 4623 sunt
1387 4569 1516 4637 vestigia.

362 4645 388 4722 4)
409 4645 449 4700 Cf.
470 4647 549 4700 huius
570 4647 680 4701 dissert.
700 4664 725 4714 p.
747 4648 774 4700 ΙΙ
799 4663 841 4718 sq.
