3384 5342
706 525 928 592 ..13-

193 701 297 766 verba
311 701 437 767 lecisse
453 701 724 769 verisimillimum
742 708 803 769 est.
824 714 872 748 ¹·-
895 702 998 769 Etiam
1023 703 1054 768 in
1081 703 1236 768 secundo
1252 708 1327 768 actu
1346 703 1436 768 nullo

194 809 300 874 modo
330 817 405 874 cum
432 808 711 892 Schenkeli0,
741 811 795 896 qui
821 830 969 892 scenam,
994 831 1059 896 qua
1084 809 1294 896 Argyrippus
1320 829 1437 877 rursus

195 914 394 995 Cleaerelae
419 917 524 982 aedes
549 917 661 999 intret,
693 918 904 984 intercidisse
930 918 1116 998 contendit,
1145 917 1257 986 lacere
1283 936 1436 1001 possum.
1480 992 1484 998 ¹

194 1020 285 1086 Nam'
305 1041 379 1086 cum
404 1044 431 1088 ν.
456 1023 521 1089 329
546 1045 622 1088 eum
649 1025 739 1091 domi
766 1024 963 1090 Cleaeretae
987 1023 1112 1089 versari
1138 1025 1336 1106 doceamur,
1368 1044 1435 1089 non

193 1147 368 1210 curamus,
392 1131 567 1215 quomodo
593 1131 656 1196 buc
682 1131 877 1216 pervenerit.
926 1129 1104 1197 Praeterea
1128 1131 1191 1195 iam
1218 1129 1354 1215 supra¹l
1379 1151 1436 1196 ex-

192 1220 404 1318 posuieum
437 1237 521 1303 inter
552 1239 691 1322 primum
725 1243 757 1302 et
788 1238 975 1303 secundum
1008 1242 1117 1326 actum
1155 1238 1195 1302 ad
1229 1236 1435 1302 Philaenium
1467 1231 1470 1235 ’

193 1342 338 1408 rediisse
362 1328 634 1410 lerisimillimum
661 1366 750 1410 esse.

284 1448 490 1516 Sententiam
523 1452 635 1536 igitur,
667 1472 765 1536 quam
793 1451 1081 1517 Sebenkelius
1107 1451 1148 1516 de
1180 1450 1309 1515 lacunis
1333 1451 1437 1515 attulit

190 1555 311 1620 falsam
330 1577 410 1622 esse
428 1558 654 1624 demonstravi
676 1564 776 1644 atque
802 1563 934 1643 praeter
958 1578 1088 1642 paucos
1114 1558 1281 1650 quosdam
1305 1577 1436 1637 versuS,

192 1683 283 1748 quos
302 1668 381 1747 post
396 1687 424 1730 v.
441 1664 507 1730 544
532 1664 743 1731 intercidisse
763 1666 938 1750 probabile
962 1665 1100 1745 reddidi,
1125 1665 1272 1729 maiores
1298 1665 1436 1728 lacunas

192 1769 225 1835 in
253 1776 410 1837 contextu
436 1771 610 1838 Asinariae
636 1794 716 1838 esse
742 1773 840 1856 plane
864 1772 975 1854 reieci.

779 2014 851 2100 §a

212 2127 215 2130 “
285 2136 1437 2227 NequetamenSpengeliiScbenkeliiquesententiisrelu-

192 2248 270 2313 tatis
300 2249 382 2313 haec
409 2250 451 2313 de
487 2249 616 2313 lacunis
648 2249 829 2331 disputatio
866 2252 935 2312 tota
970 2248 1011 2312 ad
1042 2247 1143 2312 linem
1182 2248 1341 2331 perducta
1377 2252 1438 2327 est,

194 2356 257 2446 sed
290 2355 354 2419 boc
386 2356 464 2420 loco
496 2356 688 2441 diligentius
720 2355 890 2440 agendum
921 2355 1052 2420 videtur
1077 2354 1118 2418 de
1144 2373 1229 2418 nova
1255 2354 1438 2419 dissertati-

194 2462 326 2544 uncula,
344 2482 409 2547 qua
427 2462 536 2549 magis
555 2482 653 2546 quam
676 2462 784 2526 adhuc
803 2461 963 2526 creditum
982 2465 1035 2526 est
1052 2465 1245 2526 contextum
1264 2459 1439 2525 Asinariae

195 2569 423 2650 perturbatum
442 2589 522 2634 esse
547 2564 659 2633 lusius‘
675 2569 862 2653 exponitur.
910 2568 1098 2633 llavetus
1124 2567 1221 2647 enim,
1245 2568 1293 2632 vir
1317 2568 1439 2631 doctus

196 2674 506 2757 Franco-Gallicus,
531 2677 573 2741 de
592 2673 710 2741 Plauto
736 2676 863 2758 optime
888 2675 1034 2756 meritus,
1063 2661 1252 2758 nuperrime
1277 2675 1308 2738 in
1334 2694 1439 2758 opus-

200 2783 287 2864 cu10,
312 2767 403 2867 quod
422 2782 592 2867 inscripsit
614 2759 758 2863 „Etudes
776 2802 835 2846 sur
852 2781 977 2863 Plaute,
1003 2781 1164 2846 Asinaria.
1205 2780 1223 2846 l.
1241 2782 1270 2846 la
1287 2781 1439 2846 seconde

197 2892 232 2953 et
249 2890 278 2953 la
295 2887 466 2955 troisi'eme
485 2887 610 2954 scenes
628 2894 660 2953 et
677 2889 706 2956 la
724 2889 952 2972 composition
971 2886 1192 2973 generale“²l,
1206 2908 1330 2953 scenas
1348 2888 1366 2952 l.
1377 2901 1403 2954 2.
1412 2901 1439 2952 3.

196 2997 239 3058 ad
267 2995 447 3061 Diabolum
480 2997 644 3080 pertinere
674 3000 773 3081 atque
799 2996 979 3061 nonnullas
1004 2994 1178 3060 Asinariae
1205 2999 1317 3079 partes
1342 2995 1440 3073 inter·

195 3102 322 3168 cidisse
355 3104 533 3168 contendit.
582 3103 648 3167 lam·
678 3103 910 3168 examinemus
941 3107 1154 3189 argumenta,
1185 3102 1308 3187 quibus
1340 3101 1439 3165 nixus

194 3209 237 3273 ad
264 3209 348 3274 hanc
366 3211 592 3275 coniecturam
611 3211 773 3294 delapsus
791 3210 841 3275 sit.
882 3208 932 3274 Ac
950 3210 1091 3292 primum
1110 3209 1243 3292 quidem
1263 3210 1438 3292 quomodo

195 3315 268 3412 lieri
293 3318 419 3400 possit,
454 3322 488 3393 ut
513 3336 635 3381 nomen
662 3315 839 3402 Argyrippi
866 3336 927 3400 pro
954 3316 1101 3406 Diabolo
1127 3320 1278 3399 ponatur,
1297 3315 1345 3378 ita
1366 3314 1455 3379 lere·
1509 3347 1515 3356 .

201 3421 390 3488 llavetus
423 3425 575 3508 exponit:
613 3427 690 3489 ante
724 3424 909 3488 secundam
940 3423 1034 3506 primi
1065 3427 1160 3488 actus
1192 3441 1330 3500 scenam
1364 3441 1437 3504 per-

199 3548 359 3595 sonarum
378 3531 640 3615 inscriptionem,
666 3536 699 3596 ut
715 3531 757 3596 ita
775 3531 893 3612 dicam,
917 3531 977 3594 hac
1001 3529 1108 3594 tonna
1128 3528 1337 3612 Argyrippus
1354 3524 1437 3592 udo-

194 3636 334 3714 lescens,
364 3642 670 3721 antesequentem
696 3643 806 3702 autem
833 3657 971 3702 scenam
997 3637 1072 3702 lena
1097 3633 1279 3712 Cleaereta,
1304 3634 1438 3700 adoles-

195 3759 272 3807 cens
301 3742 510 3827 Argyrippus
546 3745 694 3825 (inverso
730 3744 829 3830 igitur
860 3732 988 3825 ordine)
1021 3748 1161 3809 exstare.
1216 3742 1293 3807 inde
1330 3741 1438 3827 primo

196 3849 314 3916 obtutu
332 3851 453 3936 aliquid
478 3851 642 3917 turbatum
662 3873 742 3917 esse
759 3871 931 3935 apparere.
972 3850 1030 3916 Sin
1049 3854 1245 3935 reputemus
1270 3869 1437 3932 persaepe

195 3958 335 4022 omnino
361 3959 496 4023 nomina
521 3959 651 4045 omissa
677 3978 757 4024 esse
783 3958 871 4040 (nam
897 3959 928 4022 in
952 3957 1105 4022 Asinaria
1131 3978 1198 4021 non
1224 3954 1327 4020 modo
1354 3975 1437 4020 mer·

197 4064 332 4146 catoris,
357 4066 418 4130 sed
443 4065 541 4130 etiam
567 4065 701 4148 parasiti
720 4085 843 4148 nomen
870 4064 1089 4150 ignoramus),
1114 4065 1187 4128 luce
1212 4063 1333 4128 clarius
1358 4082 1439 4127 esse

198 4171 333 4235 nomina
365 4171 504 4236 librariis
537 4171 675 4236 minoris
707 4169 867 4235 momenti
898 4171 1014 4235 luisse.
1062 4169 1151 4251 Quid
1183 4170 1282 4255 igitur
1313 4169 1439 4248 mirum,
1510 4224 1514 4230 .

199 4277 291 4361 quod
317 4298 378 4361 per
402 4298 548 4350 errorem
575 4279 689 4343 scenis
715 4278 805 4343 l.2.3.
829 4278 950 4343 lalsum
976 4297 1100 4342 nomen
1126 4277 1352 4361 antepositum
1374 4273 1440 4340 sit?

195 4380 298 4463 Quod
330 4386 371 4448 ad
398 4384 484 4476 banc
509 4385 763 4472 argumentandi
790 4385 952 4450 rationem
978 4383 1106 4465 attinet,
1138 4388 1227 4448 certe
1252 4384 1283 4450 in
1310 4383 1438 4446 univer·

196 4523 401 4535 -—.-.....-...

285 4590 311 4735 ll
327 4590 479 4718 lxlvi'elie
501 4662 653 4734 ennorogre
675 4663 751 4728 1905,
770 4663 947 4732 aur-113.
