3384 5342
456 383 467 393 ,-

463 395 468 406 r
706 400 710 407 ι

813 405 835 471 7

202 587 292 650 witre
315 581 394 668 irrig
419 582 484 648 und
510 601 621 674 gegen
654 581 737 646 alies
763 579 1003 649 Herkommen.
1051 582 1150 649 Denn
1176 584 1218 648 da
1243 585 1296 649 die
1322 584 1440 652 Biihne

203 691 293 757 otien
319 691 370 772 ist,
398 688 573 776 geschieht
605 689 666 753 das
698 687 864 753 Eintreten
897 689 928 754 in
960 690 1017 754 ‘ein
1051 690 1161 772 Hans,
1197 691 1324 756 dessen
1356 681 1442 759 Tiire

202 797 348 864 sichtbar
372 797 429 878 ist,
461 797 577 862 immer
602 816 662 861 nur
686 794 857 861 innerhatb
883 796 945 861 des
971 794 1118 862 Stdckes
1141 816 1203 863 vor
1227 799 1291 863 den
1317 799 1440 886 Augen

201 905 262 970 der
291 903 495 970 Zuschauer.
550 903 623 968 1113.
645 915 668 968 1.
698 901 836 968 Kommt
866 902 948 968 aber
978 902 1189 988 Argyrippus
1221 905 1346 971 bereits
1378 927 1441 972 aus

202 1010 277 1076 dem
311 1011 426 1077 Hause
458 1010 517 1076 der
548 1008 800 1076 Philaenium&
830 1007 875 1073 Ea
906 1014 1016 1074 autem
1050 1029 1148 1094 quam
1174 1008 1286 1094 spen
1297 1013 1441 1101 getius

201 1117 314 1184 statuit
338 1117 413 1203 lege
439 1120 573 1200 poetam
600 1135 667 1180 non
694 1134 832 1198 semper
856 1136 954 1181 usum
980 1137 1062 1181 esse
1087 1117 1151 1182 iam
1176 1117 1254 1182 inde
1272 1121 1441 1204 cognosci

201 1228 322 1306 potest,
340 1225 431 1309 quod
447 1223 692 1290 Demaenetum
711 1221 794 1287 clam
814 1241 874 1306 per
886 1223 1100 1308 angiportum
1118 1225 1224 1290 aedes
1243 1224 1440 1292 Cleaeretae

200 1331 344 1398 intrasse
376 1323 529 1400 esv.742
559 1333 706 1414 apparet.
754 1327 982 1416 Spengeiii
1014 1331 1201 1396 sententiae
1232 1332 1439 1403 etiamittud
1485 1338 1488 1343 ’
1562 1395 1565 1402 .

201 1437 328 1520 obstat,
364 1438 394 1503 id
428 1438 518 1523 quod
551 1435 739 1522 rectissime
774 1436 988 1505 Goetzius
1020 1441 1053 1501 et
1084 1436 1323 1521 Loewiuslt
1359 1459 1440 1505 con·

200 1545 391 1627 tenderunt,
427 1544 518 1630 quod
554 1565 582 1609 v.
606 1543 672 1610 329
707 1543 933 1628 Argyrippum
968 1544 1094 1609 versari
1131 1544 1194 1610 iam
1232 1545 1262 1610 in
1297 1546 1440 1612 aedibus

202 1651 397 1745 Cieaeretae
443 1653 613 1717 docemur.
681 1650 798 1734 Neque
842 1651 930 1715 enim
975 1671 1050 1717 mea
1081 1651 1228 1736 wquidem
1275 1654 1440 1719 sententia
1483 1715 1485 1721 ,

201 1751 585 1844 Rauterbergius2)
618 1762 706 1823 recte
743 1757 888 1823 coniecit
923 1757 1000 1822 illud
1028 1756 1082 1822 nic
1109 1761 1160 1822 est
1186 1758 1338 1841 intustv.
1362 1760 1441 1843 329)

199 1865 240 1928 ad
261 1865 458 1932 Demaeneti
482 1866 588 1930 aedes
610 1864 820 1931 referendum
846 1884 937 1930 esse.
982 1864 1064 1930 Nam
1090 1851 1322 1950 praeterquam
1347 1869 1439 1952 quod

198 1972 254 2037 vix
285 1972 431 2057 perspici
467 1977 596 2056 potest,
632 1972 710 2057 quid
736 1970 947 2057 Argyrippus
979 1972 1070 2037 domi
1102 1973 1205 2057 patris
1237 1973 1330 2054 vetit,
1362 1974 1438 2039 iliud

199 2078 449 2146 observandum
466 2080 602 2160 videtur,
620 2079 683 2144 nisi
697 2078 922 2166 Argyrippum
941 2079 1022 2143 intra
1040 2079 1181 2161 primum
1200 2083 1233 2144 et
1249 2080 1438 2145 secundum

197 2191 307 2251 actum
325 2187 423 2252 invita
441 2186 616 2252 Cieaereta
642 2185 825 2251 meretricis
843 2186 981 2250 domum
1008 2185 1152 2250 intrasse
1170 2186 1356 2268 statuimus,
1382 2207 1440 2252 cur

199 2290 404 2359 Philaenium
422 2295 513 2379 quod
532 2292 756 2379 Argyrippum
781 2292 822 2356 ad
849 2312 888 2356 se
912 2292 1085 2357 admittere
1111 2312 1178 2356 non
1204 2293 1268 2357 iam
1294 2293 1439 2375 desierit,

198 2399 289 2464 initio
319 2400 401 2469 tertii
430 2405 526 2466 actus
551 2405 617 2465 tam
640 2399 858 2464 vehementer
880 2419 899 2462 a
924 2403 1027 2464 matre
1051 2398 1267 2482 vituperetur,
1299 2399 1438 2464 omnino

198 2507 343 2592 intellegi
368 2526 436 2573 non
455 2526 562 2591 posse
577 2501 611 2589 3).
659 2507 723 2571 iam
741 2510 851 2570 actum
877 2510 931 2570 est
955 2506 997 2570 de
1015 2505 1242 2591 Spengetii
1264 2507 1438 2573 sententia.

199 2613 251 2680 De
265 2613 460 2696 aiia'autem‚
474 2634 572 2699 quam
588 2614 674 2679 idem
689 2613 840 2698 tetigith.
855 2634 883 2678 e.
901 2633 992 2678 num
1015 2613 1139 2678 iocus
1157 2613 1438 2695 interciderit

197 2739 276 2805 qua
314 2713 605 2787 Demaenetus
647 2721 684 2785 in
723 2740 894 2785 scenam
941 2719 1153 2803 prodierit
1182 2719 1437 2804 fraudisque

197 2827 418 2911 particeps
441 2829 582 2894 iactus
606 2829 676 2908 sit,
703 2827 839 2892 uberius
858 2827 1095 2911 disputandum
1114 2831 1175 2892 est.
1223 2826 1436 2893 Doetzius

198 2937 230 2998 et
255 2933 454 3000 Loewius
479 2936 577 3000 tatem
603 2935 734 3020 quatem
761 2933 1028 3020 Spengetius
1052 2935 1119 2998 vuit
1144 2954 1282 2999 scenam
1308 2934 1437 2999 interci-

197 3040 441 3126 dissenegant
466 3061 540 3106 cum
567 3036 731 3123 dicunt4i:
755 3040 942 3122 „contrario
968 3041 1155 3121 statuimus,
1171 3034 1209 3104 si
1233 3040 1308 3105 tatis
1332 3059 1437 3105 scena

197 3148 329 3230 qualem
355 3149 407 3213 iile
430 3147 499 3214 vuit
523 3148 716 3228 exstitisset,
746 3167 929 3231 numquam
955 3143 1068 3229 tanat)
1100 3147 1251 3212 dicentes
1274 3146 1436 3236 iacturum

194 3253 302 3320 tuisse
335 3255 498 3338 poetam“.
550 3255 644 3320 tianc
675 3258 786 3319 autem
819 3253 1019 3319 sententiam
1052 3239 1437 3336 Ribbeckiusssi'ita

196 3350 379 3449 impugnat,
404 3366 438 3426 ut
462 3382 496 3426 re
516 3382 593 3426 vera
618 3360 717 3426 talem
744 3380 881 3426 scenam
908 3360 989 3424 intra
1012 3382 1040 3425 v.
1061 3359 1239 3426 495-496
1264 3359 1436 3425 exstitisse

196 3469 385 3533 contendat.
433 3468 550 3553 Neque
567 3488 648 3534 vero
674 3467 851 3552 pecuniam
877 3487 989 3532 coram
1012 3466 1261 3550 spectatoribus
1285 3466 1435 3532 traditam

195 3594 290 3665 esse,
320 3590 397 3640 cum
426 3575 587 3657 LibanuS,
617 3576 671 3661 qui
702 3594 839 3658 semper
866 3573 1046 3655 adfuisset,
1075 3596 1103 3640 v.
1120 3574 1186 3641 579
1215 3595 1257 3639 ex
1286 3573 1436 3638 Leonida

198 3685 382 3766 quaereret,
400 3703 478 3749 num
495 3683 610 3768 viginti
628 3683 735 3748 minas
754 3702 841 3747 nunc
860 3681 1003 3747 baberet.
1052 3679 1163 3766 itaque
1188 3677 1435 3745 Ribbeckius

196 3789 339 3854 coniecit
356 3793 436 3872 post
452 3810 480 3855 v.
497 3790 562 3856 495
582 3789 826 3855 Demaenetum
845 3810 864 3852 a
882 3788 1041 3870 Leonida,
1066 3788 1144 3871 quid
1163 3787 1226 3852 sibi
1243 3787 1432 3852 iaciendum

195 3899 298 3976 esset,
315 3895 379 3961 iam
394 3896 519 3962 dudum
537 3896 588 3977 (ci.
601 3916 630 3960 v.
643 3896 708 3960 367
722 3895 810 3986 sqq.)
821 3896 978 3960 edoctum
998 3895 1094 3980 quasi
1109 3895 1208 3960 deum
1227 3915 1269 3959 ex
1283 3892 1433 3959 machina
1508 3953 1514 3967 ,

285 4117 377 4187 tycr„
389 4120 432 4170 ed.
452 4117 546 4170 maior.
566 4118 650 4186 praei.
670 4134 695 4184 p.
715 4116 779 4169 xxi.

282 4189 307 4257 2)
327 4188 525 4256 Quaestionum
547 4189 727 4241 plautinarum
748 4186 981 4266 (Wilhet'mstraven
1004 4188 1080 4255 1883)
1101 4205 1127 4255 ρ.
1146 4189 1171 4241 2.
1338 4250 1341 4260 ι

282 4261 308 4330 3)
328 4260 369 4313 Ci.
389 4276 459 4328 quae
480 4260 547 4314 inira
566 4276 627 4313 cum
648 4261 682 4312 de
702 4259 934 4313 contaminatione
961 4259 1143 4326 disputabitur
1161 4261 1196 4312 de
1216 4260 1336 4323 ratione,
1363 4276 1434 4327 quae

194 4333 344 4386 intercedat
363 4332 433 4384 inter
451 4348 475 4384 v.
493 4331 547 4383 329
566 4336 593 4384 et
613 4330 715 4384 initium
735 4336 813 4383 actus
831 4330 903 4383 tertii
922 4331 1011 4383 fusius
1031 4340 1165 4398 exponam
1186 4336 1221 4401 (p.
1240 4331 1274 4384 29
1293 4334 1373 4400 sqq).

282 4404 308 4472 4)
329 4402 416 4457 Praei.
437 4401 546 4470 pxiii.

283 4475 308 4544 5)
328 4474 370 4528 Cf.
388 4474 538 4528 580-584.

283 4546 399 4616 bibitus.
419 4545 505 4600 Rhen.
523 4545 559 4606 37
578 4545 674 4616 (1882),
694 4562 720 4614 p.
739 4544 829 4614 5oy57.
