3384 5342
284 1222 360 1325 Ad
388 1257 527 1338 Plauti
551 1246 790 1326 Asinariam
822 1279 896 1325 cum
929 1280 1097 1344 quaerens
1129 1262 1315 1343 materiam,
1347 1250 1447 1347 quam

147 1415 156 1453 7
211 1367 388 1432 modestae
414 1367 660 1432 dissertationis
676 1366 808 1458 linibus
834 1367 1078 1451 comprendere
1103 1378 1256 1452 possem,
1279 1370 1449 1444 accessis·

180 1481 183 1486 '
212 1493 285 1538 sem
318 1477 349 1538 et
379 1473 500 1558 aliquid
531 1473 562 1538 in
593 1473 659 1554 εἰς,
681 1463 774 1557 'quae
800 1472 864 1538 lruc
889 1478 1059 1557 spectant,
1089 1476 1346 1559 quaestionibus
1371 1495 1448 1560 pro-

209 1579 387 1661 fecissem,
419 1580 551 1645 maximi
584 1580 744 1645 momenti
777 1592 859 1645 es'se
890 1600 983 1661 eum,
1015 1581 1070 1665 qui
1100 1581 1143 1646 de
1169 1580 1219 1647 his
1245 1583 1346 1649 rebus
1372 1603 1447 1649 cum
1534 1651 1537 1656 ,

186 1693 189 1700 ’
209 1686 323 1770 aliquo
340 1687 446 1753 lructu
462 1687 632 1770 disputare
645 1686 730 1767 velit,
751 1686 868 1751 latinas
883 1687 1082 1752 comoedias
1096 1688 1201 1753 metiri
1214 1690 1447 1756 aestimatione
1477 1772 1479 1776 Α

211 1814 253 1858 ex
283 1794 411 1858 ratione
442 1777 605 1877 temporis
637 1813 705 1878 quo
732 1790 870 1858 Plautus
898 1793 1030 1858 tabulas
1055 1780 1138 1858 suas
1161 1789 1277 1861 docuit
1300 1778 1450 1882 artisque
1521 1775 1527 1791 ⁴

174 1909 177 1914 “
212 1897 382 1965 Plautinae
400 1901 500 1984 petita
517 1919 597 1964 mox
614 1899 767 1965 intellexi.
798 1885 942 1965 Constat
958 1901 1045 1965 enim
1065 1897 1386 1986 Plautumceleriter
1399 1904 1448 1968 ia·

210 2005 306 2072 bulas
321 2006 564 2090 composuisse
577 2006 608 2071 id
623 2006 784 2089 imprimis
798 2011 962 2087 secutum,
980 1989 1014 2072 ut
1029 2007 1209 2073 delectaret
1225 2013 1448 2092 spectatores,

210 2112 335 2198 quippe
353 2113 407 2198 qui
426 2133 493 2178 non
512 2117 630 2178 essent
650 2117 715 2197 tam
742 2112 876 2194 curiosi,
902 2118 935 2178 ut
956 2113 1072 2179 iterum
1090 2113 1275 2200 iterumque
1293 2116 1447 2201 singulas

210 2239 265 2284 res
294 2219 452 2285 rimantes
480 2211 704 2305 sagacissime
731 2219 934 2304 inquirerent
962 2220 993 2284 in
1019 2220 1287 2306 uniuscuiusque
1313 2223 1446 2288 tabulae
1500 2212 1502 2217 ⁴
1580 2202 1582 2206 V

209 2327 503 2410 compositionem.
540 2325 592 2391 llle
607 2326 704 2406 enim,
722 2329 756 2390 ut
768 2324 959 2391 Aristotelis
974 2330 1045 2391 utar
1055 2326 1168 2391 verbis
1180 2320 1448 2410 „spondentes

210 2451 277 2498 non
301 2427 587 2516 ‚duayvmmdg“
612 2436 681 2497 erat
706 2437 815 2516 poeta.
863 2430 1069 2497 Rectissime
1089 2437 1199 2498 autem
1226 2431 1288 2496 hu‘c
1313 2432 1445 2523 ¹trahere

207 2539 325 2604 videor
341 2538 540 2624 quodidem
559 2537 759 2620 Aristoteles
778 2539 865 2619 dixit,
885 2539 948 2604 etsi
965 2539 997 2603 in
1017 2559 1051 2604 re
1070 2558 1138 2605 non
1157 2557 1300 2622 prorsus
1317 2539 1446 2620 eadem,

209 2651 340 2729 poetae,
365 2644 420 2730 qui
447 2643 578 2710 fabulas
605 2650 638 2711 ut
661 2650 902 2732 spectarentur,
927 2665 994 2710 non
1013 2650 1047 2711 ut
1064 2645 1321 2731 diligentissime
1339 2644 1445 2728 perle-

209 2744 379 2839 gerentur,
414 2753 625 2835 compositas
658 2753 808 2834 doceret,
844 2771 912 2840 non
944 2753 987 2818 ita
1019 2752 1146 2818 crimini
1177 2753 1322 2831 dandum
1355 2772 1446 2834 esse,

209 2859 238 2923 si
268 2859 299 2924 in
332 2858 453 2924 tabulis
486 2859 723 2941 invenirentur,
755 2879 842 2944 quae
867 2859 951 2924 inter
975 2879 1014 2924 se
1039 2879 1106 2924 non
1131 2864 1201 2925 arte
1226 2858 1446 2924 cohaererent

207 2964 258 3031 vel
275 2965 477 3050 aliquotiens
495 2963 730 3048 iterarenturll.
771 2965 869 3047 Quae
887 2985 962 3031 cum
982 2966 1024 3030 ita
1049 2967 1123 3053 s'int,
1148 2966 1203 3050 qui
1221 2985 1345 3031 scenas
1370 2985 1444 3049 per-

208 3073 290 3137 iisse
325 3072 376 3137 vel
409 3073 450 3138 de
485 3073 557 3137 suis
591 3073 676 3138 locis
713 3073 881 3157 migrasse
917 3073 1089 3139 contendit
1124 3073 1270 3157 ideoque
1302 3073 1379 3156 quid
1412 3073 1443 3138 in

208 3178 338 3260 scenis,
370 3199 456 3264 quae
485 3183 627 3244 aetatem
654 3199 720 3244 non
746 3180 904 3261 tulerunt,
932 3183 1042 3244 actum
1068 3199 1179 3265 quove
1205 3180 1309 3244 modo
1332 3179 1444 3244 iabula

206 3285 274 3350 ab
267 3304 343 3368 ipso
362 3283 481 3351 Plauto
506 3286 698 3370 composita
723 3286 772 3367 sit,
798 3286 991 3351 coniectura
1015 3306 1169 3373 augurari
1163 3287 1262 3366 v,ult
1287 3285 1444 3369 perfacile

208 3393 344 3458 modum
369 3393 633 3503 transgredietur
657 3393 720 3458 nisi
745 3392 835 3478 quod
863 3393 966 3457 modo
987 3393 1132 3476 exposui
1150 3393 1233 3457 satis
1251 3393 1444 3475 respexerit

208 3495 273 3580 Qui
297 3503 407 3564 autem
433 3467 604 3583 temporis
612 3500 768 3584 artisque
794 3497 966 3564 Plautinae
991 3499 1152 3564 rationem
1178 3498 1292 3580 habet,
1321 3499 1350 3564 is
1380 3499 1444 3564 nisi

207 3605 417 3691 gravissimis
435 3607 477 3671 de
498 3607 612 3684 causis
636 3610 735 3691 atque
761 3605 891 3698 indiciis
917 3625 1041 3671 scenas
1066 3605 1233 3671 interiisse
1259 3625 1326 3670 non
1352 3607 1444 3671 coni·
1490 3662 1493 3669 r

207 3712 286 3794 ciet,
318 3732 392 3777 cum
426 3712 579 3799 singulas
612 3718 724 3796 partes
751 3710 860 3778 Plauti
886 3713 1138 3778 comoediarum
1168 3713 1209 3777 ab
1239 3713 1316 3796 ipso
1342 3717 1442 3796 poeta

179 3851 185 3856 ⁴
208 3819 369 3884 interdum
388 3839 455 3883 non
474 3820 516 3884 ita
532 3825 602 3885 arte
620 3821 818 3886 coniunctas
834 3819 943 3885 luisse
961 3820 1232 3885 consideraverit.
1272 3818 1324 3884 Ab
1341 3820 1442 3884 altera

206 3930 316 3991 autem
350 3930 457 4009 parte,
489 3948 531 3991 ne
563 3926 618 4012 qui
645 3926 787 4011 Scyllam
812 3927 914 3992 vitare
938 3927 1006 3992 vult
1029 3927 1060 3990 in
1088 3925 1287 4011 Charybdim
1313 3925 1443 4007 incidat,

208 4033 391 4096 cavendum
411 4037 471 4114 est,
485 4054 527 4098 ne
545 4033 679 4099 nimium
698 4034 786 4099 inse
804 4033 986 4098 admisisse
1005 4037 1162 4117 putemus
1179 4037 1324 4116 poetam,
1341 4052 1440 4117 quem

206 4139 361 4222 antiquae
377 4141 496 4206 aetatis
515 4123 689 4222 viri'docti,
714 4159 802 4224 quos
821 4137 927 4205 Plauti
950 4140 1082 4204 tabulas
1107 4139 1207 4204 nobis
1232 4140 1335 4204 multo
1360 4139 1442 4229 inte·

298 4387 321 4456 l)
342 4388 375 4441 ci.
394 4386 614 4441 llristotelis
638 4393 687 4442 art.
711 4389 812 4442 rhetor.
832 4387 872 4441 lll.
898 4403 922 4440 c.
944 4388 976 4439 12
1001 4392 1082 4456 atque
1109 4386 1241 4455 imprimis
1267 4387 1388 4440 haec.

113 4463 117 4469 “
208 4455 260 4525 „uri
283 4477 311 4512 re
330 4456 465 4514 ἀσύνδετα
478 4461 537 4546 uqi
557 4458 587 4513 τὸ
616 4459 746 4522 πολλάκις
764 4458 794 4514 cd
814 4455 882 4514 orricii
902 4461 991 4514 εἰπεῖν
1008 4458 1038 4513 ἐν
1062 4462 1095 4530 τῇ
1112 4462 1234 4531 γραφικῇ
1259 4454 1392 4527 ὄρθῶς’
1375 4477 1442 4512 απο·

99 4558 112 4580 a
208 4525 392 4597 δοκιμάζεται,
413 4525 442 4582 ἐν
461 4526 489 4584 δὲ
509 4523 670 4611 ἄγωνιστικῇ
689 4548 732 4585 ov.
711 4525 752 4560 ”“
