3384 5342
779 363 1106 469 „04'

270 569 401 664 griores
434 557 730 643 novisse‘certum
762 582 830 659 est,
861 579 949 643 adeo
981 561 1146 642 laudibus¹
1166 576 1347 657 extulerint.
1396 578 1508 663 ltaque

270 686 489 751 exactissimo
514 685 636 751 iudicio
663 685 980 775 perponderandum
1006 684 1075 765 erit,
1100 676 1178 768 q'uid
1203 684 1312 767 ipsius
1331 677 1436 748 Plauti
1458 685 1508 766 sit,

270 793 348 887 quid
373 792 414 857 ad
440 796 697 873 retractatorem,
721 793 763 857 ad
789 790 994 872 histrionem,
1018 781 1115 855 alios¹
1130 791 1300 874 pertineat.

360 899 423 964 lam
450 918 524 963 cum
551 898 642 980 haec,
666 919 753 984 quae
778 918 839 982 pro
863 898 1083 986 fundamento
1107 894 1259 962 iacienda
1285 896 1361 962 mihi
1387 899 1508 981 putavi,

271 1005 549 1090 praemonuerim,
565 1006 607 1070 ad
626 1005 733 1088 ipsam
752 1003 940 1069 Asinariam
957 1004 1102 1069 tabulam
1120 1004 1288 1068 accedam.
1337 1004 1380 1068 lta
1396 1010 1507 1070 autem

250 1113 354 1177 ·hanc
368 1111 639 1180 dissertationem
654 1111 831 1191 instituam,
846 1114 880 1175 ut
896 1110 1059 1194 primum
1076 1128 1188 1194 agam
1207 1110 1253 1174 de
1271 1110 1358 1193 ipsa
1374 1110 1508 1175 labula

270 1218 402 1299 latina,
435 1217 578 1282 deinde
599 1199 758 1281 tabulae
783 1215 1001 1299 exemplari
1020 1215 1187 1282 Graeco
1235 1214 1507 1299 Disputationem

266 1329 379 1390 ⁴autem
399 1325 440 1389 de
465 1323 540 1407 ipsa
556 1322 667 1388 fabula
692 1323 789 1387 latina
807 1323 849 1388 ita
874 1322 973 1387 dividi
991 1322 1100 1402 velim,
1125 1325 1158 1386 ut
1183 1322 1323 1405 primum
1342 1330 1509 1406 quaeram,

259 1447 348 1496 'num
374 1430 528 1497 Asinaria
560 1429 668 1514 qualis
699 1429 740 1493 ad
773 1448 838 1493 nos
872 1429 1021 1513 pervenit
1051 1429 1162 1512 ipsius
1187 1426 1293 1494 Plauti
1324 1429 1367 1494 sit
1390 1422 1433 1474 -‘
1457 1430 1508 1494 hic

270 1537 510 1621 disputandum
528 1536 595 1617 erit,
612 1534 643 1618 a)
661 1555 738 1600 num
757 1535 788 1600 in
807 1539 965 1600 contextu
980 1536 1123 1600 lacunae
1141 1535 1355 1617 inveniantur,
1370 1536 1412 1618 Ι1))
1430 1557 1507 1601 num

271 1643 335 1708 loci
366 1664 385 1708 a
416 1647 629 1708 retractatore
668 1642 781 1707 mutati
814 1642 879 1706 sint
903 1663 955 1723 -;
980 1642 1101 1707 deinde
1132 1661 1300 1725 exponam
1333 1643 1508 1727 quomodo

185 1749 190 1765 ’
271 1747 409 1816 Plautus
443 1749 630 1815 Asinariam
664 1749 910 1832 composuerit:
947 1769 1011 1833 qua
1048 1753 1139 1831 parte
1176 1750 1404 1833 quaerendum
1441 1749 1509 1830 erit,

266 1856 301 1938 a)
328 1876 405 1921 num
424 1854 563 1941 Plautus
589 1855 620 1920 in
646 1854 800 1920 Asinaria
825 1855 1108 1920 contaminatione
1131 1875 1215 1920 usus
1241 1855 1291 1936 sit,
1316 1855 1348 1938 b)
1374 1875 1451 1921 num
1477 1856 1508 1920 in
1532 1895 1537 1900 -

271 1963 509 2048 componenda
539 1959 651 2027 fabula
683 1983 717 2027 re
747 1982 826 2026 vera
857 1966 933 2027 tam
956 1962 1177 2047 neglegenter
1207 1982 1306 2047 quam
1339 1963 1509 2028 nonnuliis

269 2071 347 2136 viris
374 2070 483 2135 doctis
507 2070 615 2135 visum
641 2074 694 2135 est
718 2089 757 2134 se
782 2069 938 2154 gesserit.
964 2140 966 2145 ,
1076 2124 1079 2127 .

671 2313 727 2392 De
752 2285 938 2382 Asinaria
960 2314 1108 2380 tabula.

860 2435 923 2520 §l

361 2561 587 2645 Incipiendum
604 2563 733 2637 videtur
756 2562 817 2626 hac
840 2561 870 2626 in
897 2561 1109 2647 paragrapho
1125 2585 1144 2626 a
1162 2563 1398 2646 disputatione,
1423 2583 1508 2646 quae

273 2669 459 2734 instituatur
483 2670 529 2734 de
555 2668 772 2733 maioribus
798 2668 966 2749 lacunis,
991 2660 1076 2754 quas
1102 2669 1132 2734 in
1159 2674 1317 2735 contextu
1335 2668 1509 2734 Asinariae

271 2775 443 2841 detexisse
467 2776 524 2840 viri
557 2775 645 2840 docti
666 2774 734 2858 ¹sibi
757 2775 819 2840 visi
842 2780 931 2842 sunt.
980 2774 1033 2840 De
1058 2776 1243 2841 minoribus
1268 2777 1355 2841 enim
1381 2777 1509 2841 lacunis
1533 2796 1537 2801 ’

272 2881 506 2947 deficientibus
532 2870 732 2966 quibusdam
750 2882 907 2947 versibus
931 2882 983 2947 vel
1001 2902 1069 2947 uno
1094 2886 1218 2948 tantum
1235 2903 1336 2948 versu
1362 2882 1426 2949 sub
1442 2882 1510 2949 line

231 3069 232 3072 Ἴ
271 2989 369 3053 huius
395 2988 497 3072 partis
523 2987 642 3072 paucis
665 2987 841 3073 agendum⁴
861 2987 929 3052 erit.

267 3097 269 3103 '
361 3093 493 3159 Primus
516 3094 570 3178 qui
596 3093 742 3158 maiores
768 3098 881 3176 partes
904 3093 1079 3160 Asinariae
1104 3095 1314 3159 intercidisse
1340 3096 1512 3161 contendit

272 3201 310 3267 A.
336 3199 624 3287 Spengelius1)
650 3221 717 3265 non
737 3195 840 3265 modo
859 3221 997 3266 scenam
1017 3199 1072 3265 114
1090 3201 1250 3287 integram
1270 3223 1350 3267 esse
1369 3202 1511 3287 negavit,

272 3329 347 3374 cum
381 3308 590 3374 desideretur
616 3308 729 3390 locus,
766 3326 834 3392 quo
862 3306 1093 3373 Demaenetus
1118 3309 1149 3372 in
1182 3328 1320 3373 scenam
1353 3309 1512 3393 prodierit
1576 3311 1579 3315 ’

271 3420 371 3500 atque
402 3415 528 3480 lraudis
560 3414 729 3498 particeps
758 3414 867 3479 lactus
899 3415 942 3479 sit
972 3414 1015 3495 (id
1047 3419 1158 3479 autern
1191 3416 1360 3503 concludit
1390 3437 1432 3480 ex
1460 3422 1511 3482 'vv.

271 3522 469 3604 580-584),
494 3522 555 3586 sed
581 3521 678 3585 etiam
696 3521 792 3586 aliam
819 3521 1000 3604 posthanc
1025 3521 1237 3586 intercidisse
1255 3526 1347 3605 putat
1363 3542 1511 3588 scenam.

273 3629 348 3714 Age
364 3648 445 3693 vero
470 3627 646 3692 audiamus
664 3627 773 3710 ipsius
791 3628 833 3692 de
850 3627 912 3691 hac
930 3648 964 3692 re
980 3627 1094 3692 verba:
1119 3681 1186 3693 ....
1210 3629 1271 3710 „im
1290 3629 1511 3695 Zusammen·

272 3736 361 3820 hang
397 3734 497 3799 damil
529 3718 727 3799 mull'noch
763 3733 909 3799 anderes
944 3735 1153 3820 ausgelallen
1186 3736 1275 3817 sein,
1312 3736 1510 3802 namentlich

273 3841 383 3907 mullte
408 3840 628 3926 Argyrippus,
655 3839 802 3906 welcher
826 3841 879 3906 13.
897 3854 941 3906 95.
966 3841 1049 3905 nach
1075 3842 1150 3906 dem
1177 3841 1297 3907 Forum
1327 3863 1509 3928 gegangen

272 3968 349 4029 war,
373 3948 499 4013 wieder
515 3943 768 4012 zun'ickkehren
796 3946 862 4011 und
881 3947 912 4011 in
938 3947 1030 4012 einer
1046 3949 1320 4014 wahrscheinlich
1346 3950 1509 4035 lyrischen

269 4054 448 4139 jedenlalls
474 4054 562 4119 nicht
579 4053 793 4120 Senarscene
810 4074 872 4119 vor
895 4055 958 4119 den
978 4053 1195 4120 Zuschauern
1222 4056 1317 4121 seine
1331 4057 1510 4122 Verzweil·

273 4161 354 4246 lung
378 4161 625 4244 aussprechen,
658 4161 732 4226 weil
758 4182 794 4226 er
825 4162 899 4226 dort
929 4159 1006 4226 kein
1033 4161 1119 4227 Geld
1152 4162 1392 4249 aulgetrieben.
1441 4162 1511 4228 Der

273 4265 440 4353 Ausweg,
472 4268 567 4333 seine
593 4266 776 4333 Rlickkehr
804 4265 919 4332 kdnne
950 4268 981 4332 in
1012 4269 1108 4333 einen
1136 4268 1372 4334 Zwischenakt
1401 4270 1510 4351 fallen,

364 4532 387 4601 l)
407 4488 476 4598 „Die
490 4531 692 4602 Akteinteilung
710 4492 759 4586 der
772 4531 928 4586 Komddien
949 4535 999 4585 des
1013 4532 1151 4588 Plautus“.
1179 4533 1315 4587 Miinchen
1335 4534 1410 4599 1877,
1431 4552 1456 4603 p.
1465 4535 1510 4589 47.
