3384 5342
771 415 995 481 ..22.„

262 593 338 658 illud
378 592 704 675 praetermittendum
743 598 794 656 est
828 593 914 657 lraud
950 593 1129 657 verisimile
1170 612 1251 656 esse
1291 593 1509 674 meretricem,

263 719 337 763 cum
363 720 405 764 ex
427 700 542 764 intimo
569 699 671 765 corde
689 698 917 786 Argyrippum
942 703 1041 780 amet,
1067 699 1197 765 etiamsi
1224 703 1364 764 amatre
1390 703 1508 763 coacta

264 805 410 872 Diabolo
435 806 598 870 interdum
625 827 664 871 se
689 806 825 886 dederit,
849 807 914 871 tale
939 806 1017 890 quid
1042 806 1171 872 iecisse
1196 807 1287 891 quod
1313 827 1341 871 v.
1354 806 1419 871 307
1433 826 1510 892 sqq.

262 914 467 978 adulescens
492 913 585 978 dicit:

424 1019 504 1085 Tum
520 1019 567 1083 mi
588 1018 689 1084 aedes
712 1036 842 1102 quoque
858 1019 1076 1098 adridebunt,
1101 1019 1271 1116 quomod
1291 1023 1324 1086 te
1340 1019 1509 1086 veniebam

475 1129 570 1191 tuae:

421 1231 478 1297 Me
501 1233 593 1298 unice
617 1249 716 1297 unum
733 1251 774 1298 ex
790 1233 948 1298 omnibus
977 1238 1009 1298 te
1032 1238 1133 1329 utque
1147 1233 1241 1299 illum
1258 1250 1373 1298 amare
1396 1232 1511 1300 aiebas

477 1338 559 1404 milri

263 1469 290 1511 e.
308 1467 337 1530 q.
355 1467 381 1512 s.
430 1445 493 1510 lam
520 1466 595 1512 cum
621 1467 688 1511 non
721 1448 825 1513 modo
853 1449 1004 1534 singulis
1030 1448 1178 1512 llaveti
1208 1448 1416 1532 argumentis
1440 1451 1510 1512 tan·

262 1558 347 1634 tum,
379 1558 536 1637 quantum
562 1553 637 1636 ipse
661 1556 743 1634 vult,
776 1554 995 1620 tribuendum
1023 1575 1104 1619 esse
1129 1554 1294 1639 negarim,
1325 1553 1509 1619 sedetiam

262 1661 319 1725 viri
345 1661 434 1725 docti
453 1660 678 1726 coniecturam
705 1680 846 1745 magnas
864 1661 895 1724 in
922 1681 961 1725 se
986 1661 1116 1726 habere
1134 1660 1346 1726 difficultates
1371 1661 1510 1726 demon-

264 1767 444 1848 straverim,
467 1766 538 1832 lieri
564 1786 630 1830 non
646 1771 781 1850 potest,
806 1767 884 1851 quin
910 1768 1054 1832 omnino
1082 1788 1155 1833 eam
1181 1767 1324 1832 reiciam.

353 1872 421 1939 Sed
451 1873 599 1938 tortasse
631 1878 768 1957 quaerat
798 1874 983 1958 quispiam,
1008 1875 1100 1958 quid
1125 1875 1208 1938 haec
1240 1873 1423 1956 disputatio
1447 1873 1511 1939 hoc

170 2037 172 2041 ,
263 1982 355 2061 loco,
381 1980 435 2045 ubi
461 1980 502 2044 de
528 1979 655 2044 lacunis
679 1982 853 2065 agendum
885 1986 951 2062 est,
977 1981 1041 2046 sibi
1065 1981 1150 2046 velit.
1198 1980 1268 2046 Cur
1290 1985 1401 2046 autem
1427 1980 1511 2045 hanc

266 2087 526 2170 disputationem
558 2087 633 2151 huic
668 2087 749 2170 parti
782 2088 1003 2169 inseruerim,
1038 2088 1102 2152 iam
1135 2108 1177 2152 ex
1207 2109 1248 2153 ea
1278 2108 1313 2153 re
1344 2088 1512 2173 cognosci

267 2197 394 2277 potest,
426 2194 516 2278 quod
549 2193 592 2274 ei,
624 2195 679 2278 qui
711 2175 835 2258 scenas
874 2194 963 2260 l2.3.
1011 2194 1158 2259 Diabolo
1182 2195 1306 2293 tribuit,
1337 2214 1434 2258 unam
1459 2195 1512 2259 vel

265 2300 391 2384 aliquot
431 2319 570 2380 scenaS,
610 2321 696 2384 quae
736 2302 778 2365 ad
821 2300 1045 2386 Argyrippum
1082 2302 1261 2384 pertinent,
1300 2301 1512 2365 intercidisse

266 2406 479 2471 statuendum
512 2426 594 2471 esse
619 2407 692 2471 luce
725 2408 849 2472 clarius
878 2412 961 2472 est
987 2409 1098 2492 ltaque
1128 2408 1317 2472 llavetus
1349 2407 1441 2472 initio
1464 2408 1512 2471 ta-

267 2514 364 2577 bulae
401 2512 605 2597 colloquium
639 2514 724 2579 inter
755 2513 983 2600 Argyrippum
1015 2520 1047 2579 et
1078 2513 1263 2579 Leonidam
1300 2514 1512 2579 intercidisse

268 2623 367 2703 putat.
422 2616 490 2684 Sed
528 2638 602 2684 cum
639 2621 751 2685 omnia
786 2620 857 2686 iere
893 2625 1109 2706 argumenta,
1149 2620 1272 2705 quibus
1306 2618 1398 2703 ille¹)
1427 2620 1511 2686 hanc

243 2726 494 2791 coniecturam
532 2726 663 2813 firmare
704 2728 829 2808 studet,
876 2748 918 2792 ex
954 2728 1115 2809 opinione
1155 2747 1220 2812 qua
1260 2747 1386 2792 scenae
1417 2727 1513 2793 l.2.3.

168 2833 175 2852 ²
267 2834 307 2897 ad
335 2832 516 2898 Diabolum
542 2833 728 2898 referuntur
751 2833 916 2913 lluxerinl,
943 2854 1045 2898 unum
1070 2839 1194 2900 tantum
1214 2834 1351 2920 dignum
1376 2834 1513 2915 videtur,

268 2941 401 3024 dequo
426 2958 543 3003 rursus
568 2939 796 3022 disputemus:
821 2941 865 3005 ita
883 2941 1005 3006 clarius
1022 2941 1169 3029 intellegi
1187 2960 1303 3023 posse,
1328 2942 1513 3024 qu'0m0d0,

268 3066 343 3110 cunr
357 3046 576 3110 occasionem
592 3047 756 3129 pecuniae
767 3046 1018 3113 defraudandae
1036 3052 1155 3113 nactus
1169 3049 1219 3129 sit,
1233 3067 1353 3112 servus
1363 3047 1513 3112 leonida

191 3176 195 3186 ·
269 3174 307 3218 se
333 3157 426 3238 gerat
447 3153 499 3235 (cl.
521 3173 549 3218 v.
571 3152 636 3218 283
658 3153 752 3238 sqq).
801 3153 843 3219 At
869 3175 910 3218 ne
938 3155 968 3220 in
995 3155 1056 3218 hac
1081 3155 1215 3239 quidem
1245 3175 1279 3219 re
1309 3155 1372 3218 iarn
1398 3155 1513 3218 haere·

267 3261 394 3340 bimus,
435 3260 462 3324 si
500 3260 581 3325 haec
617 3260 686 3324 lere
724 3261 906 3326 nobiscum
946 3262 1225 3345 reputaverimus:
1267 3261 1511 3326 Demaenetum

267 3366 569 3452 Argyrippumque,
606 3386 680 3431 cum
715 3372 867 3432 amatre
903 3372 972 3433 arte
1008 3372 1234 3451 contenteque
1266 3367 1465 3431 haberentur
1479 3363 1513 3447 2),

268 3473 330 3538 iam
364 3473 471 3555 priuS,
504 3476 537 3536 ut
567 3478 742 3558 argentum
774 3474 841 3538 sibi
870 3478 1103 3557 compararent
1134 3473 1349 3538 Artemonem
1383 3473 1512 3539 defrau-

269 3581 372 3644 dasse
398 3601 416 3643 e
440 3598 539 3643 versu
557 3580 600 3646 94
618 3599 681 3664 sq:
1136 3653 1140 3662 q

532 3685 633 3766 „quoi
654 3686 720 3768 apsi
742 3669 824 3751 uilril
848 3691 897 3750 est
926 3687 958 3750 in
982 3703 1083 3751 manu

427 3791 506 3856 Nisi
528 3791 609 3872 quid
630 3796 666 3857 tu
685 3809 791 3874 porro
820 3810 956 3858 uxorem
981 3791 1256 3876 defraudaveris‘

269 3902 415 3982 apparet.
463 3897 558 3963 Unde
590 3897 687 3963 etiam
718 3899 815 3964 facile
848 3900 1004 3964 concludi
1025 3905 1148 3984 potest
1180 3920 1244 3986 eos
1276 3902 1318 3966 ita
1350 3902 1513 3966 docuisse

270 4025 406 4084 servos,
436 4008 469 4068 ut
494 4004 548 4068 ubi
574 4005 841 4088 conspexissent
873 4008 1093 4072 occasionem
1119 4008 1282 4091 pecuniae
1308 4009 1391 4073 clam
1419 4009 1512 4073 uxori

270 4111 481 4191 auferendae,
505 4111 536 4174 id
555 4111 664 4179 statim
684 4111 872 4198 nuntiarent
898 4111 1085 4196 dominis3).
1132 4114 1281 4180 Leonida
1306 4115 1412 4200 igitur,
1437 4136 1511 4180 cunr

362 4298 384 4367 l)
406 4298 431 4350 l..
452 4315 475 4351 ε.
496 4315 519 4352 s.
539 4316 565 4366 p.
587 4299 646 4352 100.

359 4371 385 4440 2)
405 4370 446 4422 Ct.
467 4387 491 4423 v.
509 4371 559 4422 86:
580 4410 607 4424 ..
626 4370 697 4437 quoi
710 4370 781 4436 plus
800 4371 830 4424 in
850 4385 937 4425 manu
955 4372 1100 4440 sit'quum
1121 4371 1181 4426 tibt‘.

460 4458 483 4494 v.
503 4442 552 4494 78:
573 4481 600 4494 ..
620 4440 700 4495 illum
719 4445 813 4496 muter
829 4445 893 4496 urle
911 4445 1099 4511 contenteque
1117 4443 1212 4498 habet.

360 4512 386 4581 3)
407 4511 482 4566 Adde
509 4515 582 4581 quod
603 4513 750 4566 Leonidam
778 4530 889 4581 quoque
915 4514 1013 4566 amanti
1033 4515 1184 4584 Argyrippo
1211 4515 1362 4568 adiutorem
1390 4533 1455 4569 esse
1479 4534 1513 4569 ex

276 4583 367 4636 Libani
387 4585 479 4636 verbis
500 4611 527 4638 .·.
544 4583 640 4651 „ulter
658 4586 758 4638 noster
775 4586 820 4638 cst
837 4583 985 4639 Leonida‘
1003 4590 1036 4655 (ν.
1055 4586 1098 4656 58)
1119 4592 1239 4655 apparet.
