3384 5342
727 401 949 467 .-37Μ

313 656 315 660 ¹
381 573 473 658 Quid
493 593 579 642 nunc
601 577 721 642 consili
741 577 942 660 captandum
967 579 1102 644 censes?

219 683 283 750 sibi
307 683 392 749 velit.
440 683 520 748 Nam
547 684 731 749 Leonidam
757 685 798 750 ita
828 705 1005 769 quaerere,
1037 691 1071 751 ut
1095 686 1193 768 sciat,
1224 687 1302 770 quid
1328 688 1370 751 de
1396 687 1456 752 hac

219 811 254 854 re
280 789 427 874 Libanus
445 795 592 872 censeat,
618 791 693 875 quis
712 796 763 856 est
788 792 866 876 quin
885 792 1078 878 intellegat?
1115 793 1192 858 lllud
1217 813 1355 878 quoque
1381 794 1456 859 nibil

220 901 280 978 est,
305 898 396 980 quod
423 897 685 982 Langrehrio
717 905 969 981 supervacanea
993 903 1093 983 atque
1125 899 1248 964 inutilia
1279 921 1360 965 esse
1383 901 1456 965 visa

219 1007 297 1067 sunt
333 1023 419 1087 quae
455 1008 641 1087 sequuntur
670 1004 771 1069 verba
803 1005 927 1070 Libani.
988 1004 1105 1090 Neque
1139 1007 1284 1090 denique
1320 1006 1456 1071 dixerim

217 1109 343 1174 veritati
379 1129 568 1195 repugnare
604 1131 631 1174 v.
656 1110 792 1191 3b0l3bl
814 1109 844 1191 ¹).
904 1111 1007 1176 immo
1044 1112 1173 1194 optimo
1209 1113 1278 1177 iure
1309 1113 1456 1177 Libanus

219 1215 348 1280 dixisse
366 1215 442 1281 mihi
458 1216 587 1280 videtur
603 1216 858 1282 accelerandum
877 1238 957 1282 esse
976 1238 1075 1302 opus,
1092 1240 1134 1282 ne
1151 1224 1325 1300 mercator,
1350 1219 1457 1302 prius-

218 1343 318 1405 quam
343 1323 528 1402 arcessitus
554 1327 648 1388 esset
673 1343 795 1409 senex,
822 1325 1002 1390 adveniret.
1050 1324 1138 1407 Quid
1164 1326 1261 1406 enim,
1286 1326 1315 1390 si
1340 1345 1457 1410 super·

216 1429 369 1494 venisset
405 1428 556 1494 Saurea?
615 1429 717 1494 Etiam
755 1430 831 1494 illud
866 1435 955 1495 recte
991 1431 1295 1516 Langrebrium
1328 1432 1456 1498 dixisse

218 1556 320 1621 neg0,
345 1536 460 1601 mirum
480 1537 511 1601 in
537 1537 673 1601 modum
693 1537 873 1619 parasitum
899 1539 1107 1602 adulescenti
1125 1559 1167 1603 ne
1192 1539 1266 1622 ipse
1285 1544 1456 1605 matronae

218 1643 334 1707 scelus
354 1642 551 1709 Demaeneti
578 1643 704 1708 nuntiet
729 1644 934 1725 persuadere
960 1644 999 1726 (ν.
1016 1644 1081 1709 820
1098 1645 1192 1729 sqq).
1242 1645 1329 1710 Dicit
1353 1646 1458 1710 enim:

210 1743 305 1832 ‘quid
325 1750 355 1814 id
374 1749 577 1815 Artemonae
595 1749 741 1831 interest,
759 1767 823 1832 qua
841 1751 883 1814 de
901 1771 1004 1816 causa
1022 1772 1077 1816 res
1095 1753 1278 1836 detegatur,
1303 1752 1456 1833 quivero

220 1856 401 1936 Diabolum
427 1875 489 1920 sua
514 1876 618 1921 causa
643 1856 757 1920 scelus
781 1857 838 1938 viri
864 1848 1053 1940 patefacere
1078 1858 1141 1922 sibi
1167 1851 1417 1943 persuadebiti'
1435 1856 1459 1940 2)

218 1963 297 2028 ltrlea
321 1965 432 2027 autem
462 1963 627 2026 sententia
658 1983 778 2027 servus
803 1963 930 2046 optime
955 1963 1032 2028 dicit
1050 1950 1288 2029 ¹honestius
1313 1985 1394 2029 esse
1420 1985 1459 2029 se

219 2090 288 2135 rem
316 2069 422 2152 palam
448 2069 575 2134 lacere:
600 2089 676 2133 nam
702 2069 731 2133 si
757 2069 924 2135 Diabolus
949 2070 1024 2152 ipse
1049 2070 1254 2135 Artemonae
1278 2072 1361 2136 haec
1386 2092 1458 2135 nar·

218 2180 312 2258 raret,
326 2177 400 2240 luce
419 2174 539 2240 clarius
556 2180 651 2241 esset
668 2166 741 2239 eam
756 2175 838 2240 haec
852 2177 978 2240 amoris
996 2197 1099 2241 causa
1115 2177 1186 2241 lieri
1205 2182 1457 2260 perspecturam

217 2284 365 2365 ideoque
389 2282 640 2346 adulescentem
667 2281 709 2346 ob
728 2285 943 2364 praereptum
967 2283 1134 2349 mullerem
1147 2279 1171 2365 3)
1197 2285 1379 2349 delatorem
1404 2284 1458 2349 vix

217 2389 331 2474 magni
357 2409 438 2454 esse
462 2389 719 2454 aestimaturam.
1081 2462 1084 2466 A
1325 2459 1327 2461 .

307 2495 533 2560 Transeamus
564 2515 651 2560 nunc
676 2481 716 2560 a'd
744 2496 825 2561 haec
852 2496 1117 2581 Langrelrrii:
1142 2498 1321 2579 „maiorem
1346 2503 1457 2562 autem

218 2601 325 2667 Plauti
357 2602 519 2667 levitatem
547 2602 577 2666 in
610 2622 652 2667 eo
685 2603 761 2667 mibi
792 2603 910 2667 videor
941 2604 1224 2686 deprehendisse,
1256 2605 1347 2686 quod
1374 2604 1458 2669 lV.2.
1554 2589 1557 2593 ⁵

219 2708 399 2774 Diabolum
417 2731 465 2774 vv.
479 2708 655 2782 812-815
673 2709 794 2790 omnia,
812 2726 898 2791 quae
917 2706 1051 2775 demum
1068 2715 1143 2776 actu
1161 2711 1277 2793 quinto
1293 2711 1458 2792 audimus,

217 2819 524 2898 praeoccupantem
555 2815 640 2880 iacit.
689 2816 830 2898 Conter,
856 2834 1004 2898 quaeso,
1036 2836 1110 2882 cum
1150 2818 1223 2898 eius
1252 2818 1364 2884 verbis
1397 2819 1457 2882 lc.

215 2922 417 2987 velo-74
442 2927 474 2986 et
497 2921 660 2988 sal-89.
708 2921 782 2986 Non
809 2924 936 3004 solum,
970 2941 1057 3006 quae
1088 2945 1123 2988 re
1146 2945 1224 2989 vera
1255 2925 1340 2989 tacta
1373 2929 1458 3005 sunt,

217 3030 279 3094 sed
306 3029 420 3109 etiam,
451 3047 537 3110 quae
568 3028 676 3092 lutura
706 3033 813 3110 erant,
845 3047 932 3110 quae
962 3051 1069 3095 senex
1101 3051 1213 3095 coram
1246 3031 1320 3095 sola
1353 3050 1457 3095 uxore

218 3135 330 3200 dicere
348 3134 488 3216 solebat,
514 3135 576 3199 scit
592 3139 692 3216 atque
717 3155 849 3200 summa
875 3155 948 3200 cum
976 3138 1208 3202 malevolentia
1228 3138 1459 3219 interpretatur

216 3246 318 3323 atque
345 3241 442 3306 etiam
473 3239 641 3326 auguli&
690 3241 720 3305 ln
747 3241 807 3305 hac
840 3258 977 3324 quoque
1009 3264 1044 3307 re
1076 3264 1143 3308 non
1175 3245 1262 3308 adeo
1294 3245 1458 3310 haeream.

218 3348 300 3414 Nam
327 3349 476 3430 quidest
500 3368 558 3412 cur
576 3347 820 3413 Demaenetum
845 3350 935 3431 apud
957 3347 1162 3415 Philaenium
1182 3355 1356 3416 cenantem
1374 3352 1457 3416 haec

215 3456 287 3519 tere
302 3456 453 3540 gloriose
468 3455 596 3520 dixisse
610 3473 718 3536 eaque
734 3454 924 3535 Diabolum,
942 3475 1017 3520 cum
1036 3460 1115 3538 post
1131 3478 1159 3522 ν.
1176 3458 1242 3523 809
1260 3458 1456 3523 Cleaeretae

217 3562 355 3626 domum
374 3562 539 3642 intrasset,
556 3561 727 3627 audivisse
748 3561 939 3646 negemus?
972 3560 1149 3627 Praeterea
1167 3564 1456 3648 Langrebrius

216 3686 285 3731 non
310 3671 398 3731 recte
424 3668 500 3732 dicit
519 3667 699 3734 Diabolum
724 3669 832 3750 etiam,
856 3687 961 3750 „quae
981 3669 1089 3734 lutura
1115 3671 1224 3734 erant‘
1241 3670 1337 3736 scire.
1374 3671 1455 3735 Nam
1570 3707 1574 3718 ·

215 3795 246 3838 v.
266 3773 345 3838 815:

378 3881 607 3961 ....suppiles
631 3881 717 3946 clam
742 3881 833 3946 domi
854 3899 990 3947 uxorem
1014 3885 1133 3948 tuam?

217 4023 286 4069 non
311 4005 352 4068 de
376 4004 462 4088 palla
479 4003 530 4085 (ct.
547 4025 574 4068 V.
591 4003 678 4087 885),
704 4004 806 4069 immo
832 4007 874 4070 de
890 4007 1004 4091 viginti
1030 4007 1128 4072 minis
1153 4008 1370 4093 cogitandum
1395 4014 1456 4074 est.

217 4153 425 4163 ...m-......—

310 4243 333 4314 l)
753 4283 800 4296 ...
820 4257 887 4298 nam
907 4245 936 4299 si
956 4245 1004 4301 ille
1022 4249 1172 4314 argentum
1187 4247 1273 4314 prius

292 4344 293 4347 =
378 4315 494 4381 Hospes
513 4313 568 4368 nuc
586 4313 682 4384 affert,
703 4314 839 4370 continuo
859 4329 914 4370 nos
932 4316 1017 4371 umbo
1037 4319 1148 4373 exclusi
1163 4331 1271 4373 sumus.
1344 4373 1346 4379 ,

307 4386 334 4527 ἐξ
353 4388 386 4510 bt
401 4402 513 4526 {arbog}
532 4386 593 4511 blar
610 4457 711 4510 verbis

308 4529 558 4600 bhsspl
719 4538 722 4544 '
