3384 5342
648 475 871 542 -31...

40 725 41 732 χ
139 653 302 738 Langre
313 653 331 716 h
342 653 372 718 ri
383 675 401 718 u
412 673 429 717 s
442 651 474 735 ¹),
491 674 577 737 quae
591 654 633 718 itti
647 654 823 719 attuierunt
836 657 1032 739 argumenta
1046 674 1113 718 non
1127 658 1252 718 tantum
1269 653 1378 718 valere

140 764 269 842 putant,
293 764 339 824 ‘ut
375 781 416 824 ex
453 761 503 824 eis
534 760 680 838 tabulam
713 748 972 828 contaminatam
1010 757 1091 825 esse
1124 761 1380 825 demonstretur.

139 865 351 950 Quamquam
378 867 433 951 qui
459 885 566 950 nuper
587 887 695 931 novus
721 867 845 932 exstitit
863 865 969 932 Plauti
995 867 1247 932 comoediarum
1273 866 1381 930 editor
1429 905 1431 911 ι

138 973 222 1038 Leo
248 973 278 1038 in
297 974 371 1037 adn.
385 974 467 1065 adv.
485 973 545 1038 127
558 995 586 1038 a.
604 973 688 1040 1895
704 974 745 1037 ad
765 995 804 1064 ea
822 993 909 1058 quae
928 973 1126 1039 Ooetzius
1144 978 1176 1038 et
1194 972 1401 1038 Loewius.

138 1063 353 1145 coniecerant
374 1099 551 1145 recurrens
570 1079 726 1144 Plautum
741 1080 771 1144 in
790 1079 944 1144 Asinaria
969 1080 1253 1146 contaminatione
1279 1062 1377 1145 usum

137 1207 218 1251 esse
244 1187 423 1251 contendit.
805 1247 807 1255 ,
1186 1256 1188 1259 .

227 1293 291 1360 tam
324 1296 475 1358 nostrum
494 1297 546 1358 est
564 1313 734 1379 quaerere,
760 1309 837 1359 num
857 1313 943 1378 quae
961 1293 1003 1358 iiii
1020 1293 1077 1358 viri
1096 1292 1186 1358 docti
1203 1293 1379 1359 attuierunt

136 1404 333 1484 argumenta
346 1404 468 1465 tantam
481 1400 545 1464 vim
555 1400 712 1481 xhabeant,
726 1420 768 1464 ex
782 1400 905 1484 quibus
920 1400 1071 1464 conicias
1086 1398 1239 1490 Plautum
1253 1418 1378 1463 scenas

137 1506 157 1570 it
184 1511 217 1570 et
243 1505 396 1589 lit'primi
422 1510 518 1570 actus
535 1543 579 1550 —
596 1507 638 1570 de
664 1506 761 1570 nuliis
791 1506 879 1571 enim
906 1505 969 1570 nisi
995 1506 1037 1570 de
1062 1505 1114 1570 his
1138 1505 1247 1590 agitur
1269 1541 1313 1595 —f
1337 1524 1379 1569 ex

136 1613 197 1676 atia
229 1612 340 1677 tabula
372 1613 587 1695 sumpsisse..
624 1612 734 1697 Atque
766 1632 841 1677 cum
874 1632 963 1696 quos
995 1631 1098 1694 supra
1129 1611 1297 1675 nominavi
1321 1610 1379 1674 viri

137 1719 226 1783 docti
256 1723 388 1802 praeter
416 1719 598 1784 Leonem
629 1719 716 1783 nulia
745 1719 809 1784 nisi
836 1718 1009 1784 Goetzii
1035 1722 1067 1783 et
1092 1717 1250 1783 Loewii
1279 1737 1378 1801 argn-

40 1817 42 1856 ²
137 1829 249 1890 menta
275 1826 480 1910 impugnent,
510 1826 594 1891 Leo
618 1830 728 1890 autem
755 1845 842 1890 nova
867 1825 983 1890 atterat
1006 1828 1212 1909 argumenta,
1241 1843 1310 1888 rem
1336 1823 1378 1886 ita

135 1932 314 2013 instituam,
340 1937 374 1996 ut
396 1933 537 2015 primum
556 1933 731 2014 disseram,
756 1932 834 2016 quid
853 1932 894 1996 de
912 1932 1041 1998 illorum
1060 1930 1227 1996 sententia
1244 1949 1376 1994 eorum·

40 2117 41 2120 Ἴ
136 2059 211 2122 que,
237 2039 292 2122 qui
310 2058 373 2104 eos
392 2039 680 2124 impugnaverunt,
704 2038 914 2104 censendum
933 2038 984 2120 sit,
1009 2037 1130 2103 deinde
1151 2038 1192 2102 ad
1219 2036 1378 2102 Leonis

40 2163 42 2234 ξ
136 2145 335 2212 sententiam
362 2145 629 2228 percensendam
655 2134 824 2210 accedam.

226 2251 337 2336 itaque
356 2252 496 2337 primum
514 2253 692 2317 audiamus
709 2252 784 2334 ipsa
810 2250 985 2325 Ooetzii
1010 2255 1043 2317 et
1067 2249 1227 2314 Loewii
1252 2249 1294 2313 de
1317 2248 1377 2313 hac

40 2367 41 2418 ξ
134 2378 167 2422 re
197 2355 351 2440 verbaq:
382 2411 459 2440 „...
484 2381 512 2424 v.
537 2359 580 2423 74
605 2363 712 2423 narrat
743 2357 974 2424 Demaenetus
1006 2377 1087 2421 sese
1111 2356 1224 2420 atilio
1252 2355 1377 2420 aditum

134 2486 227 2546 esse,
252 2470 286 2530 ut
302 2465 416 2550 viginti
435 2465 542 2531 minas
561 2470 691 2549 pararet
707 2485 792 2549 quas
814 2464 977 2530 meretrici
995 2463 1096 2529 daret.
1131 2463 1240 2527 Versu
1265 2466 1376 2527 autem

133 2571 196 2636 230
223 2571 433 2658 Argyrippus
465 2573 555 2636 audit
582 2571 697 2656 viginti
727 2570 835 2636 tenam
869 2590 1016 2653 poscere
1048 2570 1165 2634 minas.
1212 2567 1278 2650 Qui
1309 2567 1376 2632 tac-

40 2715 41 2764 ,
134 2683 200 2742 tum
228 2683 288 2760 est,
314 2683 348 2743 ut
372 2683 501 2762 apatre
527 2699 624 2744 mane
648 2678 762 2764 viginti
787 2678 896 2742 minas
922 2681 1058 2761 peteret,
1083 2696 1158 2749 cum
1175 2675 1280 2739 mutto
1299 2680 1378 2759 post

40 2765 42 2792 '
135 2785 269 2849 demum
302 2787 423 2850 certior
451 2786 546 2850 tieret
576 2790 624 2850 tot
656 2785 763 2850 minas
795 2784 982 2868 postulari?
1031 2783 1099 2848 Nec
1131 2782 1208 2848 iilud
1241 2781 1376 2867 neglegi
1458 2811 1461 2815 ·

135 2911 241 2972 posse
279 2893 466 2973 duximuS,¹
487 2893 578 2977 quod
610 2914 638 2957 v.
669 2892 734 2957 245
760 2910 837 2976 sqq.
872 2891 961 2956 titius
994 2909 1136 2975 prorsus
1168 2888 1293 2954 obiitus
1324 2893 1378 2952 est

40 3021 42 3026 ·
135 3002 259 3078 patrem
302 3019 383 3064 sese
422 2999 559 3063 adiisse.
619 2997 759 3063 Accedit
798 2999 890 3081 quod
931 2997 1018 3062 idem
1055 2995 1282 3081 Argyrippus,
1321 2993 1377 3078 qui

40 3095 41 3110 ²
133 3123 158 3167 v.
182 3104 249 3170 248
274 3105 304 3168 ἰη
330 3105 606 3186 iorum‘abierat,
637 3126 665 3168 v.
689 3104 754 3170 329
786 3103 816 3168 in
851 3102 1011 3168 Philaenii
1041 3102 1184 3166 aedibus
1215 3094 1375 3180 uersatur,

40 3209 42 3274 i
135 3230 196 3274 una
231 3231 335 3276 scena
367 3212 536 3277 interiecta
568 3231 630 3276 nec
667 3210 794 3275 ratione
831 3210 958 3275 reddita
995 3228 1054 3273 cur
1088 3208 1196 3272 statim
1234 3206 1375 3301 redierit.

135 3315 290 3402 Denique
334 3319 390 3402 qui
435 3318 541 3401 potuit
581 3317 791 3402 Argyrippus
836 3317 974 3380 domum
1013 3315 1209 3380 Cteaeretae
1256 3313 1374 3378 intrare

136 3428 214 3504 post
249 3445 289 3488 ea
325 3445 412 3509 quae
444 3424 561 3489 v..152
593 3425 727 3488 locutus
760 3422 852 3488 erat?
894 3420 968 3485 Non
992 3422 1163 3501 videmuS,
1195 3439 1260 3504 qua
1286 3426 1374 3485 certa

135 3531 261 3595 ratione
291 3531 353 3595 hae
377 3532 494 3597 turbae
519 3535 767 3596 removeantur:
799 3529 854 3613 qui
885 3527 961 3593 terri
992 3547 1100 3611 posse
1130 3527 1316 3612 negaverit,
1347 3525 1375 3590 is

40 3637 41 3706 f
136 3636 221 3702 haud
243 3638 371 3702 scimus
395 3659 436 3702 an
462 3639 502 3702 ad
530 3637 846 3702 contaminationem
873 3635 1046 3719 confugiat
1070 3640 1102 3698 et
1127 3653 1251 3698 scenas
1268 3633 1288 3698 2
1306 3633 1375 3701 et3

40 3745 41 3772 ³
136 3763 176 3806 ex
211 3744 284 3818 alia¹
308 3744 419 3809 tabula
450 3745 481 3809 in
514 3745 598 3809 hanc
630 3745 773 3809 insertas
805 3763 886 3808 esse
919 3742 1119 3825 suspicetur.
1174 3740 1242 3805 Sed
1275 3740 1372 3805 suum

135 3850 276 3934 quisque
306 3856 466 3936 sequatur
495 3851 667 3916 indicium:
697 3871 761 3915 nos
791 3850 874 3915 satis
904 3849 1060 3913 duximus
1091 3867 1159 3912 rem
1185 3847 1374 3914 enotasse“.

138 3953 183 4019 Ac
210 3957 351 4039 primum
377 3957 520 4042 quidem,
547 3962 580 4021 ut
605 3957 737 4046 singula
763 3976 850 4040 quae
876 3955 1084 4022 Goetzius
1109 3958 1142 4019 et
1173 3953 1373 4018 Loewius

136 4063 309 4128 attuierunt
339 4068 544 4148 argumenta,
579 4064 692 4128 denuo
726 4082 956 4145 percenseam,
988 4062 1079 4146 quod
1104 4061 1145 4124 ad
1170 4081 1198 4124 v.
1222 4060 1265 4126 89
1290 4064 1374 4126 etv.

136 4166 197 4234 230
221 4171 343 4252 attinet,
378 4170 440 4235 iam
479 4165 625 4254 supra3),
658 4188 733 4233 cum
760 4170 801 4233 de
827 4169 942 4233 scenis
975 4168 996 4231 2
1026 4172 1058 4232 et
1086 4168 1106 4231 3
1136 4166 1178 4230 ab
1210 4166 1402 4231 Haveto·

139 4273 283 4343 Diaboto
307 4277 486 4360 adscriptis
510 4297 661 4361 agerem,
693 4275 836 4356 ostendi,
876 4275 1051 4359 quomodo
1083 4273 1125 4338 itti
1155 4292 1285 4352 versus,
1318 4273 1372 4356 qui

138 4382 242 4462 primo
269 4384 384 4449 obtutu
410 4385 505 4449 vaide
532 4383 615 4449 inter
639 4404 677 4447 se
703 4382 904 4464 discrepant,
936 4381 1095 4465 coniungi
1121 4379 1262 4463 possint.
1311 4378 1373 4443 Se-
1407 4434 1411 4441 .

225 4574 248 4643 t)
270 4573 365 4641 Progr.
387 4573 527 4626 Friedland
549 4573 565 4625 i.
584 4572 620 4625 Μ.
642 4572 717 4636 1894,
738 4589 763 4640 p.
785 4572 808 4624 1.

222 4645 248 4714 2)
269 4645 356 4698 Praei.
376 4647 419 4699 ed.
439 4647 500 4698 mai.
520 4650 552 4716 (a.
574 4645 659 4714 1881),
680 4661 705 4712 p.
724 4642 903 4714 xxrrrfxxw.

222 4716 248 4792 3)
269 4716 309 4773 Ct.
330 4717 410 4770 huius
430 4717 498 4771 diss.
517 4733 543 4787 p.
562 4717 596 4769 20
616 4731 677 4786 sqq.
