3384 5342
732 499 955 566 -20-

226 675 334 743 nescit
370 674 592 763 Argyrippum
633 677 696 742 iam
733 681 831 742 antea
861 676 954 742 ioras
986 674 1160 742 exclusum
1193 695 1287 756 esse,
1323 673 1353 740 id
1390 695 1465 740 mea

224 784 360 868 quidem
386 783 551 849 sententia
577 783 770 866 scrupulum
797 803 864 849 non
883 787 1005 848 movet.
1045 784 1141 849 Unde
1158 783 1245 848 enim
1264 783 1346 847 haec
1364 802 1464 848 servo

225 894 304 955 nota
329 910 411 954 esse
436 889 706 960 concludendum
732 889 806 954 est?
856 889 933 955 iliud
959 894 1101 971 constat,
1132 909 1206 955 cum
1234 888 1464 955 Demaenetus

224 1016 358 1062 servum
387 996 617 1062 adhortaretur
640 996 728 1078 (in),
754 1001 788 1061 ut
817 996 932 1082 viginti
965 997 1073 1061 minas
1105 1001 1323 1080 compararet,
1359 995 1464 1082 Argy-

223 1103 354 1187 rippum
380 1104 529 1168 nondum
555 1103 730 1168 exclusum
754 1101 892 1168 fuisses
913 1100 1040 1166 Postea
1064 1107 1175 1167 autem
1198 1121 1341 1183 servum,
1370 1122 1464 1187 prae·

223 1214 372 1294 terquam
399 1211 489 1294 quod
516 1210 694 1274 dominum·
714 1210 798 1274 ciam
814 1208 1011 1275 Cieaeretae
1039 1209 1145 1275 aedes
1176 1208 1349 1273 intrantem
1374 1209 1473 1273 vide--

210 1316 298 1404 rit1),
323 1317 354 1381 in
379 1299 632 1381 aduie'scentem
658 1314 819 1380 incidisse
843 1315 898 1381 vix
921 1316 1100 1381 verisimile
1125 1320 1186 1396 est,
1215 1334 1290 1379 cum
1315 1319 1408 1380 totus
1432 1315 1464 1379 in

146 1412 148 1414 ¹
224 1423 454 1488 defraudando
480 1427 665 1489 mercatore
691 1427 879 1508 occupatus
903 1422 1009 1488 fuerit.

313 1528 490 1595 Praeterea
526 1548 593 1594 non
626 1529 877 1615 neglegendum
910 1533 963 1594 est
993 1529 1079 1593 haec
1106 1529 1193 1594 servi
1221 1527 1323 1593 verba
1356 1529 1465 1593 deiec-

157 1705 159 1714 ,
223 1636 337 1702 tationi
385 1640 613 1719 spectatorum
658 1636 823 1702 destinata
867 1656 961 1701 esse:
1016 1655 1090 1700 nam
1139 1655 1214 1700 cum
1255 1635 1465 1724 Argyrippus

225 1741 499 1828 Philaeniumque
512 1742 812 1808 vehementissimo
826 1744 945 1808 dolore
959 1743 1073 1825 perciti
1088 1747 1209 1808 exeant
1224 1747 1325 1827 atque
1337 1743 1378 1807 de
1392 1742 1465 1806 suis

224 1850 327 1915 rebus
345 1851 442 1936 plane
465 1851 656 1934 desperent,
672 1849 727 1914 vix
750 1857 952 1935 quemquam
976 1848 1115 1935 eiiugiet
1132 1848 1355 1935 Argyrippum
1373 1849 1465 1913 ioras

224 1957 400 2023 exclusum
437 1976 532 2038 esse,
569 1955 764 2039 praesertim
802 1976 878 2021 cum
915 1956 1050 2021 duobus
1086 1955 1243 2020 versibus
1278 1960 1354 2020 ante
1391 1956 1465 2038 ipse

226 2063 324 2129 dicat:
349 2063 389 2146 (v.
405 2063 498 2145 594);

149 2170 151 2175 ’
351 2169 466 2236 Mater
485 2161 673 2254 supremum
697 2168 779 2234 milri
800 2174 860 2235 tuo
884 2169 983 2235 dixit:
1005 2169 1138 2235 domum
1162 2170 1210 2235 ire
1233 2169 1337 2236 iussit.

315 2311 383 2377 Nec
409 2312 587 2397 quicquam
617 2310 820 2377 offensionis
852 2311 884 2376 in
909 2333 948 2377 se
978 2312 1102 2378 habere
1127 2312 1203 2377 mihi
1229 2312 1362 2396 quidem
1388 2311 1466 2377 iliud

226 2419 362 2500 videtur,
387 2419 478 2503 quod
496 2440 525 2484 v.
541 2419 606 2483 585
624 2438 697 2503 sqq.
715 2417 925 2504 Argyrippus
951 2438 1015 2483 una
1041 2438 1116 2485 cum
1135 2417 1307 2482 Philaenio
1325 2439 1343 2482 e
1362 2419 1466 2482 domo

174 2550 176 2556 ·
226 2527 321 2592 lenae
346 2524 524 2606 exeunti),
556 2524 640 2589 cum'
657 2525 864 2590 meretricem
897 2526 994 2590 etiam
1025 2530 1129 2590 matre
1154 2525 1267 2606 invita,
1299 2529 1333 2590 ut
1356 2525 1466 2591 amico

225 2631 434 2714 valediceret,
460 2630 586 2696 exiisse
608 2631 882 2710 ¹verisimillimum
909 2632 959 2697 sit.

318 2739 474 2824 Denique
518 2737 744 2820 Havetus3)
775 2739 891 2804 iniuria
933 2743 1088 2822 expectat
1130 2740 1238 2804 lenam
1271 2737 1350 2804 mr.
1379 2738 1466 2803 iiiiae

226 2846 338 2912 dicere
363 2845 587 2932 Argyrippum
612 2846 653 2909 ad
678 2845 787 2911 iorum
814 2845 896 2911 iisse
921 2849 966 2926 et,
998 2845 1027 2909 si
1053 2846 1229 2928 pecuniam
1255 2845 1298 2932 ibi
1323 2845 1466 2927 adeptus
1511 2889 1523 2899 .

226 2958 329 3035 esset,
354 2951 560 3019 Philaenium
581 2951 759 3038 Argyrippi
785 2972 991 3035 perannum
1016 2952 1098 3018 iore.
1145 2953 1215 3017 idac
1239 2952 1271 3016 in
1297 2972 1332 3016 re
1355 2950 1467 3016 iacere

179 3134 180 3138 Ἰ
227 3081 294 3126 non
322 3079 475 3144 possum,
500 3061 577 3143 quin
604 3058 766 3124 naveto
792 3059 936 3124 obiciam
962 3057 1063 3144 quod,
1089 3079 1157 3144 quo
1178 3059 1255 3124 loco
1280 3045 1363 3123 haec
1386 3059 1466 3122 adu-

227 3168 387 3233 lescentis
407 3165 509 3232 verba
534 3166 620 3230 dicta
648 3166 722 3248 sint,
747 3186 814 3231 non
841 3159 932 3231 satis
950 3166 1158 3249 reputaverit.
1206 3166 1287 3231 Nam
1310 3165 1466 3251 Argyrip-

228 3295 305 3358 pum
332 3278 368 3339 ut
390 3273 567 3356 pecuniam
586 3273 617 3337 in
641 3272 716 3339 foro
738 3277 885 3339 mutuam
912 3278 1061 3338 sumeret
1084 3273 1212 3338 abiisse
1237 3274 1311 3338 iena
1329 3273 1468 3337 omnino

228 3366 343 3463 nescit,
365 3400 440 3445 cum
459 3401 544 3465 quae
562 3379 772 3466 Argyrippus
789 3402 817 3445 v.
834 3380 1012 3446 244-248
1035 3380 1111 3445 dicit
1129 3400 1195 3445 non
1215 3380 1277 3444 iam
1300 3379 1467 3444 audiverit.

134 3531 136 3534 -
228 3486 462 3569 Quamstulte
488 3487 575 3551 enim
600 3492 729 3553 amator
753 3507 814 3552 seu
840 3487 1052 3574 Argyrippus
1077 3508 1138 3552 seu
1158 3486 1324 3553 Diabolus
1344 3490 1487 3572 agerets

228 3595 256 3660 si
288 3615 401 3660 coram
434 3595 508 3660 lena
540 3594 619 3675 sibi,
651 3594 713 3659 nisi
742 3599 918 3680 argentum
948 3595 1205 3678 adipisceretur,
1236 3591 1467 3659 intereundum

229 3721 309 3767 esse
335 3701 552 3784 profiteretur,
578 3701 774 3784 praesertim
800 3721 876 3766 cum
903 3701 1004 3784 paulo
1028 3706 1126 3767 antea
1150 3701 1190 3783 (v.
1206 3700 1284 3782 233)
1309 3700 1371 3764 sibi
1396 3700 1468 3764 reii-

112 3819 115 3828 '
229 3827 330 3893 quum
357 3807 554 3892 essequod
580 3808 675 3872 ienae
701 3809 794 3873 daret
819 3807 973 3872 dixisset!

320 3915 384 3979 iam
409 3915 501 4000 quod
526 3915 567 3979 ad
593 3908 726 4000 singula
752 3915 901 3980 Haveti
925 3919 1122 4000 argumenta
1147 3915 1301 3997 pertinet,
1330 3916 1469 3979 demon-

230 4026 359 4088 strasse
389 4021 466 4087 mihi
491 4022 607 4086 videor
636 4022 678 4087 de
710 4022 860 4105 plurimis
883 4022 981 4088 vaide
1012 4022 1151 4088 dubitari
1184 4042 1300 4105 posse.
1347 4019 1396 4084 Ac
1428 4040 1469 4083 ne

230 4129 355 4213 reliqua
380 4128 514 4212 quidem
540 4133 662 4193 tantam
687 4128 751 4194 vim
777 4128 909 4210 habent,
934 4129 1057 4214 quibus
1081 4130 1170 4213 apud
1197 4133 1345 4212 poetam,
1368 4146 1469 4211 ‚quem

229 4236 381 4301 'celeriter
395 4235 527 4306 fabulas
545 4256 627 4300 suas
645 4227 889 4320 composuisse
908 4237 1006 4319 plane
1021 4226 1122 4320 patet,
1146 4236 1233 4317 adeo
1252 4234 1470 4300 offendamur.

232 4401 437 4413 m

321 4493 530 4563 UOEnHQ

319 4565 636 4636 Qffldsspw

319 4637 587 4710 &Lsspss
