3384 5342
771 466 994 532 „18-

261 645 428 706 amentem
450 661 489 706 se
508 646 688 724 praestare,
710 646 810 726 atque
831 643 928 706 etiam
946 642 1074 707 amicae
1092 643 1261 708 innocenti
1279 663 1347 708 non
1367 664 1504 728 parcere

261 747 336 811 nihil
362 748 392 812 in
413 767 451 812 se
468 747 568 812 habet
593 747 805 813 ollensionis
855 747 1032 814 Praeterea
1050 750 1141 833 quod
1159 750 1364 815 adulescens
1382 756 1504 833 postea

261 851 433 919 Philaenio
471 874 538 920 non
571 854 634 918 iam
667 855 829 920 irascatur
865 875 1007 940 eamque
1043 856 1257 921 innocentem
1290 877 1371 921 esse
1403 857 1504 940 proli·

258 964 373 1042 teatur,
398 980 475 1025 meo
501 961 624 1027 iudicio
650 961 759 1045 magis
783 961 975 1046 Argyrippi,
1008 966 1124 1044 utpote
1150 961 1204 1046 qui
1230 960 1436 1028 Philaenium
1462 984 1504 1027 ex

232 1067 371 1159 ¹animo
395 1087 542 1151 vereque
568 1067 690 1153 diligat,
722 1087 820 1152 quam
849 1067 982 1134 Diaboli
1015 1073 1160 1150 naturae,
1190 1088 1291 1153 quem
1321 1089 1501 1155 numquam

259 1173 323 1239 nisi
348 1173 422 1238 sine
446 1194 562 1239 amore
589 1172 794 1239 Philaenium
824 1195 863 1238 se
896 1175 959 1238 sibi
991 1175 1130 1240 dedisse
1162 1176 1249 1241 scire
1281 1176 1502 1258 l·lavetus¹)

198 1266 200 1270 ’
258 1300 395 1365 quoque
420 1268 586 1361 concedit,
611 1285 878 1345 consentaneum
896 1281 1026 1347 videtur
1042 1302 1132 1347 esse.
1180 1281 1297 1366 Neque
1315 1282 1392 1347 illud
1413 1283 1501 1347 adeo

257 1388 477 1469 premendum
515 1391 579 1468 est,
617 1388 707 1470 quod
744 1387 819 1452 lena
852 1386 1076 1474 Argyrippum
1108 1389 1242 1471 turgum
1277 1389 1501 1454 lacrumarum

257 1493 415 1575 nominat,
446 1513 520 1558 cum
554 1493 639 1557 illam
671 1493 722 1557 his
753 1493 866 1558 verbis
898 1494 929 1558 in
963 1495 1158 1579 largitiones
1189 1493 1500 1581 Argyrippi'iocari
1592 1568 1596 1575 ‚

256 1599 469 1666 manifestum
487 1600 538 1665 sit.
575 1600 638 1663 lam
657 1583 774 1665 eorum
796 1601 1086 1684 quaellavetus
1104 1602 1209 1667 attulit
1225 1606 1499 1687 argumentorum

256 1707 387 1792 potiora
412 1706 578 1772 refutasse
604 1707 680 1771 mihi
704 1707 829 1772 videor.

347 1813 450 1879 Etiam
469 1813 521 1878 ille
544 1813 693 1878 Haveti
719 1814 942 1897 scrupulus2),
966 1816 1059 1899 quod
1076 1816 1340 1896 adulescentem,
1362 1816 1417 1900 qui
1435 1815 1499 1881 sub

254 1920 321 1984 line
359 1920 452 2004 primi
481 1925 577 1985 actus
609 1921 640 1984 in
670 1920 778 1986 lorum
809 1903 938 2003 abierit,
973 1923 1128 2006 sequenti
1157 1928 1232 1988 actu
1263 1923 1326 1986 iam
1355 1923 1397 1986 ad
1424 1920 1498 1986 Phi-

256 2026 399 2092 laenium
425 2027 568 2092 rediisse
597 2027 651 2091 vix
675 2027 854 2092 verisimile
880 2027 930 2109 sit,
956 2033 990 2093 ut
1013 2029 1077 2093 iam
1102 2025 1238 2112 supra³t
1265 2029 1499 2111 exposuimus,
1525 2068 1527 2074 ,

257 2133 420 2199 removeri
453 2138 581 2217 potest,
610 2135 639 2198 si
670 2134 750 2199 intra
785 2134 926 2217 primum
957 2139 988 2200 et
1018 2136 1205 2200 secundum
1238 2141 1347 2202 actum
1378 2138 1499 2202 Cleae-

256 2245 358 2305 retam
391 2241 518 2306 exiisse
554 2241 876 2326 adulescentemque
905 2263 924 2304 a
954 2243 1128 2307 meretrice
1158 2243 1295 2308 domum
1325 2249 1498 2328 receptum

256 2367 336 2412 esse
361 2348 547 2413 statuimus.

345 2452 557 2539 Quamquam
600 2454 789 2520 llavetus
830 2475 897 2520 non
939 2456 1013 2520 sine
1052 2457 1161 2541 aliqua
1197 2458 1344 2523 veritatis
1381 2457 1497 2541 specie

257 2561 385 2627 dixisse
409 2562 538 2627 videtur
560 2561 824 2643 adulescentem,
849 2563 905 2646 qui
930 2563 994 2626 sub
1018 2562 1086 2628 line
1106 2563 1205 2646 ,primi
1223 2569 1319 2628 actus
1340 2564 1370 2629 in
1387 2564 1497 2628 iorum

189 2752 192 2760 1
258 2669 362 2733 iturus
395 2668 507 2753 ibique
540 2669 716 2752 pecuniam
749 2674 1004 2753 comparaturus
1037 2675 1139 2751 esset,
1172 2670 1397 2756 Argyrippum
1429 2691 1497 2735 non

258 2772 373 2858 esse4)
399 2777 462 2841 iam
481 2796 523 2841 ex
539 2797 579 2840 ea
596 2797 631 2842 re
649 2777 816 2862 cognosci
842 2795 959 2860 posse,
984 2778 1086 2861 quod,
1105 2797 1180 2842 cum
1195 2777 1419 2863 Argyrippum
1441 2798 1497 2861 pa·

255 2887 337 2947 trem
364 2887 501 2966 propter
525 2883 702 2966 pecuniam
732 2883 860 2948 adiisse
888 2889 1039 2966 apertum
1075 2885 1130 2966 sit,
1159 2884 1281 2968 quibus
1311 2885 1353 2948 de
1383 2885 1497 2949 causis

256 2990 461 3055 adulescens
476 2990 585 3054 statim
603 2991 643 3054 ad
657 2990 766 3055 torum
785 2991 1006 3056 contenderet
1019 2991 1072 3055 vix
1090 2991 1236 3077 intellegi
1253 2995 1384 3074 posset,
1402 2991 1498 3056 nisia
1516 3069 1519 3073 ,

257 3101 348 3178 patre
374 3097 449 3162 nihil
476 3097 539 3162 sibi
565 3098 771 3180 sperandum
797 3117 879 3162 esse
905 3097 1058 3163 dixisset:
1090 3100 1151 3163 se'd
1177 3103 1287 3163 tamen
1318 3120 1360 3162 ne
1389 3098 1420 3162 in
1446 3098 1498 3162 his

254 3203 388 3286 quidem
425 3203 496 3268 viro
533 3204 635 3268 docto
670 3204 826 3298 assentiri
864 3223 1017 3287 possum.
1064 3202 1368 3287 Ribbeckius5)
1400 3205 1497 3285 enim,

255 3309 307 3375 cui
332 3310 531 3392 astipulatus
557 3315 609 3376 est
634 3310 906 3397 Langenusfil,
931 3317 1006 3376 c'um
1029 3313 1091 3376 hac
1115 3313 1146 3376 in
1173 3333 1207 3377 re
1234 3312 1447 3378 Ooetzius
1465 3316 1497 3376 et

255 3415 493 3499 L0ewius7)
525 3437 642 3482 ansam
678 3423 742 3503 qua
774 3418 920 3483 tabulam
956 3419 1213 3484 contaminatam
1248 3439 1329 3483 esse
1359 3424 1497 3485 conten-

255 3523 372 3588 derent
402 3524 487 3588 nacti
518 3545 599 3590 esse
632 3525 695 3589 sibi
726 3525 789 3590 visi
822 3530 949 3607 essent,
981 3530 1117 3608 patrem,
1148 3546 1223 3590 cum
1257 3526 1332 3590 nihil
1362 3524 1433 3590 iere
1465 3525 1495 3588 in

256 3650 354 3696 manu
379 3629 559 3727 liaberetss),
592 3632 716 3697 dudum
749 3652 849 3717 quam
882 3631 1015 3697 difficile
1045 3632 1141 3713 toret,
1173 3637 1207 3696 ut
1237 3637 1363 3697 tantum
1396 3651 1497 3715 pecu-

256 3737 329 3801 niae
354 3743 573 3820 compararet,
597 3738 666 3803 lilio
692 3738 820 3804 dixisse
843 3739 954 3822 itaque
976 3739 1229 3804 adulescentem
1247 3739 1300 3803 vix
1318 3739 1495 3823 quicquam

345 3961 368 4031 l)
389 3961 416 4014 L.
436 3978 459 4014 ε.
480 3978 503 4014 s.
523 3979 548 4030 p.
567 3961 602 4014 96
621 4001 648 4015 ..
675 3963 762 4026 „c'est
782 3962 851 4014 celui
873 3961 888 4014 ὲ
908 3962 953 4031 qui
974 3965 1025 4015 elle
1046 3979 1079 4014 ne
1106 3963 1174 4015 s’est
1192 3962 1289 4032 jamais
1315 3961 1423 4014 donne'e
1443 3978 1496 4030 que

256 4049 321 4086 sans
341 4049 438 4085 amour
456 4043 522 4086 ...“

345 4105 370 4174 2)
391 4104 418 4156 L.
438 4121 461 4158 s,
482 4121 504 4157 s
525 4122 550 4172 p.
569 4104 612 4157 (ld.

343 4177 369 4248 3)
390 4176 431 4229 cf.
452 4175 531 4228 huius
551 4177 755 4230 dissertationis
783 4194 808 4245 p.
828 4178 853 4230 7.
892 4176 1038 4230 Praeterea
1064 4180 1098 4229 de
1125 4178 1175 4230 lrac
1203 4194 1231 4229 re
1259 4178 1326 4230 inira
1350 4179 1384 4229 de
1405 4183 1497 4229 conta·

257 4246 405 4301 minatione
425 4248 568 4316 disputans
589 4249 701 4301 uberius
721 4265 799 4317 agam
821 4266 846 4317 p.
864 4249 900 4300 32
914 4267 975 4319 sqq.

344 4320 611 4392 Ahsspffi
1031 4340 1033 4342 ·

344 4393 369 4461 5)
389 4392 460 4445 Mus.
481 4391 530 4445 er.
548 4393 592 4456 37,
613 4409 638 4460 ρ.
657 4393 700 4445 55.

248 4461 251 4468 ’
343 4464 369 4533 o)
389 4464 484 4516 Studia
503 4463 606 4516 Plautin
627 4481 652 4532 p.
674 4465 732 4517 100.

345 4536 370 4603 7)
391 4534 479 4588 Praei.
498 4537 541 4588 ed.
562 4535 623 4588 mai.
643 4541 675 4606 (a.
697 4537 773 4606 1881)
794 4553 819 4603 p.
838 4535 925 4588 xxtv.

345 4606 610 4677 &OEuQQ.
