3384 5342
686 503 908 568 ...15-

268 677 353 744 Post
379 677 586 759 lttluretum,
611 677 666 762 qui
692 678 819 761 primus
837 679 868 744 in
887 678 948 743 hac
961 678 1000 743 're
1017 677 1133 759 haesit,
1156 677 1212 743 alb
1226 675 1319 743 aliter
1334 677 1418 742 lranc

177 786 403 851 difficultatem
435 804 610 877 removere
640 786 749 852 conati
779 790 866 851 sunt
912 785 1011 850 Velut
1038 768 1419 870 nauteruergias1)

179 893 342 978 expungit
354 891 596 974 v.229—31,ur
609 891 664 976 qui
677 891 721 957 ab
734 891 1096 976 interpolatoreinserti
1109 891 1184 973 sint,
1203 891 1241 980 ,0
1251 911 1272 956 o
1282 894 1344 956 etz
1354 890 1362 955 i
1373 911 1420 954 us

175 1004 208 1064 et
233 998 488 1081 Loewius‘2),
519 998 642 1083 quibus
673 1019 780 1082 nuper
801 1018 972 1091 assensus
997 1003 1050 1063 est
1074 995 1209 1080 Le03),
1239 999 1284 1063 de
1306 1001 1420 1062 conta·

177 1106 362 1171 minatione
387 1106 551 1191 cogitant,
584 1105 626 1170 ita
651 1110 685 1171 ut
709 1125 835 1171 scenae
862 1106 952 1172 l.2.3.
976 1125 1019 1170 ex
1041 1105 1239 1171 aliatfabula
1264 1109 1420 1188 sumptae

176 1213 251 1278 sint.
267 1211 328 1278 lilii
342 1211 401 1277 viri
416 1211 506 1277 docti
520 1211 791 1294 interpretatione
805 1216 1013 1278 succurrunt.
1030 1212 1128 1277 Velut
1140 1209 1419 1292 Ribbeckiustt

175 1319 295 1384 iisdem
319 1319 475 1384 versibus
499 1317 753 1384 adulescentem
780 1323 872 1401 putat
892 1338 935 1385 ex
958 1320 1033 1384 lena
1058 1339 1233 1403 quaerere,
1259 1338 1337 1384 num
1361 1318 1417 1382 ali·

173 1427 252 1511 quid
279 1427 321 1490 de
347 1425 454 1510 pretio
479 1425 645 1491 remittere
671 1426 773 1494 nolit„

266 1548 376 1633 Quam
401 1550 636 1633 interpretandi
669 1551 830 1616 rationem
863 1551 894 1616 in
921 1550 1112 1616 universum
1139 1550 1288 1633 probans
1313 1546 1417 1614 Lan·

173 1655 344 1746 genus5)
371 1657 401 1722 id
429 1656 521 1742 quod
547 1656 817 1723 Ribbeckius
846 1656 1054 1724 coniecisset
1079 1677 1113 1722 re
1137 1677 1215 1722 vera
1243 1657 1274 1722 in
1304 1675 1418 1722 exem-

174 1749 247 1849 plo
271 1763 406 1832 Graeco
443 1765 615 1830 exstitisse
652 1765 832 1846 contendit,
881 1762 1033 1830 Plautum
1068 1768 1178 1830 autem
1210 1764 1241 1829 in
1275 1763 1424 1830 Graecis.
1459 1753 1462 1761 ’

172 1872 285 1938 verbis
309 1871 551 1938 transferendis
568 1872 691 1956 aliquid
710 1891 877 1956 peccasse
894 1872 1006 1937 videri.
1029 1909 1073 1918 —
1097 1867 1417 1952 Senenketiust)

173 1999 311 2064 quoque
343 1979 427 2044 hanc
458 1979 587 2045 turbam
620 1979 893 2062 interpretatione
924 1979 1035 2044 sanari
1067 1981 1307 2062 'posse-putat,
1341 1997 1417 2042 cum

173 2105 376 2169 persuasum
407 2085 527 2150 lrabeat
554 2075 808 2152 adulescentem
834 2086 886 2150 his
910 2085 1022 2158 verbis
1047 2085 1078 2150 id
1103 2105 1216 2170 agere,
1246 2089 1280 2149 ut
1309 2085 1417 2148 lenam

173 2194 214 2257 ad
253 2193 396 2284 pretium
437 2193 653 2258 minuendum
695 2197 916 2258 commoveat.
965 2191 1124 2258 Fortasse
1163 2192 1417 2258 adulescentem

173 2299 339 2382 pecuniae
365 2299 452 2364 nulla
476 2299 538 2364 alia
564 2319 667 2364 causa
690 2300 895 2366 mentionem
917 2299 1030 2365 tacere
1055 2299 1118 2364 nisi
1145 2303 1178 2363 ut
1201 2296 1340 2363 omnino
1361 2297 1418 2362 ali-

173 2406 252 2492 quid
277 2406 364 2470 dicat
388 2410 489 2491 atque
514 2407 622 2471 lenam
641 2406 807 2490 impediat,
832 2426 875 2472 ne
891 2406 999 2472 abeat.
1041 2406 1112 2470 lam
1129 2405 1224 2470 vides
1242 2405 1418 2489 quomodo

173 2513 236 2578 hae
261 2513 378 2580 turbae
404 2513 567 2578 removeri
594 2512 737 2596 possint,
762 2532 836 2578 cum
862 2512 920 2578 viri
946 2512 1036 2578 docti
1053 2532 1140 2597 quae
1158 2530 1314 2596 magnam
1334 2511 1418 2576 veri'·

172 2620 250 2686 tatis
281 2639 379 2703 spem
413 2640 491 2703 prae
525 2640 563 2685 se
594 2619 700 2685 lerant
732 2619 968 2704 interpretandi
1005 2618 1153 2686 rationes
1189 2617 1418 2701 exposuerint.

174 2726 247 2812 Ego
280 2746 417 2812 quoque
442 2727 713 2819 interpretatione
738 2726 789 2791 his
819 2713 976 2792 versibus
1012 2726 1161 2792 succurri
1198 2744 1306 2808 posse
1337 2744 1418 2790 con·

174 2835 279 2898 tendo
303 2838 403 2919 atque
420 2834 463 2898 ita
479 2833 549 2899 fere
567 2834 762 2918 scrupulum
781 2834 944 2900 removeri
963 2852 1071 2918 posse
1091 2832 1257 2899 existimo.
1297 2829 1419 2897 Omnis

175 2941 263 3006 enim
305 2940 482 3012 difficultas
515 2962 534 3006 e
566 2941 679 3006 medio
715 2940 783 3006 tolli
823 2941 900 3005 milri
935 2941 1081 3022 videtur,
1121 2939 1149 3004 si
1182 2944 1259 3005 ante
1292 2938 1418 3003 initium

177 3047 275 3112 huius
299 3046 432 3113 fabulae
458 3047 540 3111 haec
563 3047 732 3112 accidisse
757 3047 951 3113 statuimus:
993 3046 1057 3111 lam
1083 3046 1207 3112 dudum
1228 3045 1420 3131 Argyrippo

176 3172 252 3218 cum
279 3149 454 3220 Cleaereta
477 3153 591 3239 viginti
617 3153 715 3218 minis
741 3154 862 3218 solutis
889 3151 1095 3219 Philaenium
1121 3152 1328 3218 meretricem
1354 3152 1419 3236 ipsi

266 3499 288 3569 l)
309 3496 336 3553 L.
356 3513 379 3553 s.
400 3515 423 3553 s.
443 3516 469 3568 p.
497 3498 506 3550 t
538 3497 618 3552 nimis
642 3497 790 3561 violenter,
817 3512 878 3549 cum
906 3511 1004 3550 versus
1031 3500 1085 3550 tam
1111 3499 1183 3552 bene
1210 3496 1235 3550 in
1262 3500 1418 3550 contextum

178 3571 319 3638 quadrent,
340 3575 367 3623 ut
386 3571 429 3623 vix
448 3570 667 3639 interpolationis
687 3568 876 3638 suspicionem
897 3572 1033 3622 moveant.

261 3642 287 3712 2)
308 3642 336 3695 L.
349 3659 372 3695 s.
386 3659 410 3696 s.
424 3659 450 3711 p.
464 3641 541 3694 ltltlll
556 3659 599 3710 sq.
618 3642 653 3695 de
673 3640 905 3695 contaminatione
926 3641 994 3694 infra
1013 3641 1176 3710 disputabo:
1205 3641 1240 3694 cf.
1258 3657 1284 3709 p.
1302 3641 1338 3705 29
1357 3657 1419 3710 sqq.

261 3714 287 3784 3)
308 3713 349 3767 Cf.
370 3714 412 3767 ed.
433 3731 456 3767 a.
478 3713 547 3767 1895
566 3715 628 3767 adn.
647 3714 680 3767 ad
700 3731 725 3767 v.
747 3713 806 3766 127.

262 3787 288 3854 4)
309 3785 337 3838 L.
357 3802 380 3839 s.
401 3802 424 3839 s.
444 3803 470 3854 p.
489 3787 524 3838 55
544 3824 551 3840 .
570 3825 577 3840 .
598 3825 604 3839 .
625 3825 632 3839 .
652 3801 723 3850 „nun
744 3801 777 3838 so
797 3784 850 3837 will
870 3801 901 3837 er
920 3786 1004 3849 eben,
1030 3784 1082 3837 wie
1102 3801 1134 3837 es
1154 3783 1225 3838 beim
1246 3782 1351 3837 lfandel
1370 3800 1419 3852 ge-

174 3855 290 3922 schielrt,
312 3858 361 3910 das
378 3860 458 3910 letzte
471 3857 545 3910 Wort
559 3858 608 3910 der
621 3856 764 3910 Cleaereta
784 3856 869 3909 hdren
891 3858 944 3908 und
963 3856 1098 3924 zugleiclr,
1118 3856 1169 3909 wie
1181 3855 1332 3909 Lieblraber
1350 3871 1418 3924 gem
1441 3874 1443 3879 ·

178 3927 286 3981 reicher
305 3928 447 3994 schemen,
473 3930 513 3983 als
534 3927 575 3981 sie
600 3929 671 3993 sind,
697 3928 779 3982 damit
799 3930 951 3993 andeuten‚
980 3928 1031 3981 dab
1057 3927 1136 3981 seine
1156 3927 1320 3981 lfiilfsmittel
1347 3928 1418 3980 noclr

178 3999 251 4052 nicht
271 4001 412 4070 ersclrdptt
432 4000 525 4054 scien:
545 4003 598 4069 vgl.
617 4018 641 4053 v.
661 4001 713 4052 233
726 4001 744 4053 f.
763 4039 770 4054 .
790 4010 815 4053 .“

266 4073 292 4142 5)
313 4071 340 4125 L.
354 4089 378 4126 s.
392 4089 415 4126 s.
429 4090 455 4141 p.
467 4072 503 4125 98
603 4071 683 4136 „eine
704 4072 801 4124 solclre
821 4071 909 4140 Frage
928 4070 994 4123 wird
1015 4073 1082 4126 aber
1101 4071 1126 4124 in
1147 4071 1209 4124 eine
1227 4087 1298 4140 ganz
1317 4072 1419 4124 andere

122 4197 125 4202 Δ
175 4141 255 4194 form
275 4143 425 4212 gelrteidet.
463 4144 506 4196 lclr
526 4148 657 4208 vermute‚
684 4143 735 4196 dab
755 4142 780 4194 in
808 4145 870 4196 dem
891 4142 1013 4212 Original
1039 4143 1084 4196 die
1104 4143 1191 4212 Frage
1217 4143 1366 4211 allerdings
1392 4143 1418 4194 in

173 4215 235 4266 dem
256 4214 341 4268 Sinne
366 4218 477 4284 gestetlt
503 4217 612 4280 wurde,
639 4216 762 4268 welchen
784 4213 908 4267 Ribbeck
935 4214 1098 4284 lrineinlegt,
1127 4215 1179 4268 dab
1204 4216 1254 4267 der
1280 4214 1418 4267 rdmisclre

174 4285 288 4338 Dichter
306 4288 407 4356 jedoclr
428 4289 481 4340 den
502 4287 730 4356 urspriingliclren
751 4285 816 4340 Sinn
838 4291 923 4340 etwas
942 4287 1106 4339 verwisclrte
1133 4288 1186 4338 und
1213 4303 1246 4339 so
1274 4286 1419 4339 unbewubt

175 4356 201 4408 in
222 4359 275 4410 den
294 4358 486 4428 Widerspruch
506 4358 628 4413 vertiet“.

264 4431 290 4500 b)
311 4431 338 4484 L.
358 4447 381 4484 s.
402 4447 426 4484 s.
445 4448 471 4500 p.
484 4431 519 4483 42
607 4447 657 4498 „es
677 4430 713 4483 ist
733 4431 798 4495 lrlar,
818 4430 870 4483 dass
883 4430 1051 4500 Argyrippus
1070 4430 1114 4484 die
1135 4430 1188 4484 iltm
1208 4430 1417 4483 wolrlbelrannte

174 4500 287 4555 Summe
307 4519 358 4554 nur
375 4503 454 4572 fragt,
475 4503 501 4555 in
515 4505 565 4555 der
578 4503 719 4571 llotfnung
738 4503 817 4556 einen
836 4502 979 4570 bittigeren
994 4502 1072 4556 Preis
1085 4505 1223 4574 (aequom)
1241 4519 1275 4556 zu
1289 4502 1419 4568 erzielen,

173 4573 309 4627 vielleiclrt
329 4576 398 4628 auctr
419 4592 462 4628 um
483 4575 635 4644 iiberlraupt
654 4580 739 4628 etwas
759 4591 791 4628 zu
813 4576 897 4628 reden
919 4576 971 4627 und
992 4575 1035 4627 die
1056 4576 1118 4628 lena
1136 4591 1171 4627 so
1191 4591 1232 4628 arn
1254 4574 1416 4628 Abbreclren

173 4645 224 4698 des
245 4646 422 4716 Gespriiclres
441 4665 475 4701 zu
496 4648 637 4703 hindernt.
