3384 5342
784 451 1007 530 -10-

818 637 863 704 tu.
888 638 975 705 uxr.

226 813 227 816 ,
279 765 304 829 t.
329 760 441 830 Scene
467 763 642 829 Cteaereta
666 765 762 829 attein
781 764 997 847 (Canticum);
1021 765 1072 830 sie
1097 765 1223 849 spricht
1239 764 1307 831 ihre
1325 764 1516 850 Resorgnis

458 891 529 951 aus,
573 870 636 936 dab
673 870 830 936 wahrend
868 871 954 936 ihrer
981 870 1221 967 Abwesenheit
1256 872 1373 958 irgend
1410 875 1516 938 etwas
1682 946 1683 953 ,

457 978 664 1062 vorgetatten
690 979 762 1044 sein
789 977 915 1044 kdnnte
942 979 1007 1046 und
1033 978 1113 1066 geht
1138 979 1190 1046 ins
1215 979 1317 1048 tinus.
1682 972 1683 1067 i

274 1083 303 1150 2.
379 1136 396 1165 „
465 1084 613 1150 Libanus
640 1086 705 1150 und
732 1086 891 1151 Leonida.

365 1207 436 1273 Der
460 1209 577 1293 ttbrige
601 1209 669 1274 Teit
695 1210 757 1274 des
784 1207 931 1276 Str’ickes
960 1210 1077 1306 bedart
1106 1208 1235 1308 keiner
1250 1211 1409 1279 weiteren
1434 1210 1515 1277 Ver·

275 1314 478 1401 finderung⁴t

364 1455 415 1521 Ad
448 1454 530 1522 haec
562 1457 724 1541 imprimis
756 1458 833 1523 iltud
864 1438 1042 1524 dicendum
1073 1464 1134 1540 est,
1164 1460 1255 1544 quod
1288 1460 1351 1524 iarn
1381 1461 1412 1524 in
1439 1479 1516 1544 pro·

276 1563 390 1628 oemio
415 1562 513 1628 huius
538 1563 786 1630 dissertationis
811 1565 1042 1631 necessarium
1061 1585 1142 1630 esse
1163 1566 1286 1648 monui,
1315 1563 1515 1631 Schenke-

140 1702 146 1712 -
195 1723 197 1726 .
276 1669 366 1734 tium
394 1667 500 1736 Plauti
525 1672 737 1736 comoediam
769 1691 835 1737 non
863 1676 952 1738 recta
980 1673 1085 1738 metiri
1116 1673 1359 1738 aestimatione.
1410 1672 1517 1738 ltcce·

277 1775 358 1840 dunt
386 1781 497 1841 autem
527 1777 589 1842 alia
617 1782 824 1863 argumenta,
854 1779 1021 1864 equibus
1050 1784 1099 1844 tot
1127 1779 1266 1845 tacunas
1295 1780 1326 1844 in
1357 1784 1515 1846 contextu

278 1880 454 1947 Asinariae
479 1881 535 1967 qui
561 1904 649 1949 nunc
674 1889 726 1950 est
752 1889 885 1950 exstare
909 1885 963 1950 vix
986 1885 1164 1952 verisimile
1189 1906 1270 1951 esse
1296 1886 1412 1952 elucet.

366 1988 458 2054 initio
481 1989 581 2078 igitur
594 1990 725 2056 tabulae
740 1990 1016 2058 Schenketius
1042 1997 1167 2075 partem
1186 1992 1398 2059 intercidisse
1415 1997 1516 2077 putat,

276 2116 342 2180 qua
368 2094 600 2162 Demaenetus
630 2097 740 2162 muttis
770 2098 879 2183 iisque
909 2099 1078 2181 perplexis
1107 2099 1219 2164 verbis
1248 2119 1382 2164 servum
1417 2119 1516 2175 sevo·

276 2202 371 2283 carit,
412 2207 446 2267 ut
485 2208 619 2268 secreto
658 2222 732 2292 cum
775 2224 817 2269 eo
859 2205 901 2269 de
945 2206 1172 2288 comparanda
1208 2206 1351 2288 pecunia
1390 2210 1515 2291 ageret.

276 2306 417 2374 Servum
450 2314 570 2391 autern,
602 2309 679 2394 quid
711 2311 871 2375 dominus
896 2311 926 2374 in
952 2311 1065 2376 animo
1095 2310 1231 2377 haberet
1256 2331 1331 2376 curn
1362 2312 1516 2394 nesciret

276 2434 344 2479 non
370 2416 474 2480 modo
500 2417 765 2500 exspectatione,
795 2418 980 2483 sedetiam
1009 2417 1128 2482 timore
1158 2418 1319 2501 percitum
1349 2418 1379 2483 id
1410 2419 1515 2502 potis·

276 2523 397 2588 simum
423 2522 550 2608 egisse,
576 2527 609 2587 ut
626 2524 735 2605 sciret,
760 2524 920 2607 numquid
940 2523 1171 2590 Demaenetus
1197 2525 1239 2590 de
1256 2544 1295 2589 se
1321 2525 1515 2590 constituis-

276 2634 337 2710 set,
368 2629 409 2693 ad
436 2649 522 2714 quae
547 2648 646 2694 versu
680 2631 814 2694 demum
839 2631 883 2696 45
908 2631 1080 2696 dominum
1114 2650 1201 2695 nunc
1234 2630 1275 2696 de
1308 2631 1380 2697 suis
1413 2631 1515 2697 rebus

276 2735 454 2801 consitium
481 2734 671 2802 habendum
696 2757 778 2802 esse
809 2736 929 2804 dicere.
977 2734 1079 2818 Quod
1106 2757 1173 2801 non
1200 2741 1289 2802 recte
1319 2737 1515 2821 disputasse

277 2840 582 2908 Schenketium
609 2843 689 2908 mihi·
711 2843 845 2927 quidem
873 2848 998 2908 certum
1022 2843 1160 2923 videtur,
1190 2847 1305 2908 contra
1331 2863 1431 2928 quem
1457 2845 1515 2909 ini-

277 2949 356 3013 tium
381 2947 514 3014 tabulae
540 2949 750 3024 intercidisse
769 2968 870 3035 nego.
915 2948 1052 3032 Optime
1069 2949 1156 3015 enim
1182 2969 1269 3034 quae
1293 2950 1335 3014 ad
1359 2969 1424 3015 nos
1442 2971 1516 3034 per·

278 3054 368 3121 venit
385 3074 489 3121 scena
507 3055 538 3119 in
555 3055 687 3121 tabulae
704 3054 796 3121 initio
815 3057 926 3121 locum
944 3056 1051 3136 habet,
1077 3076 1151 3121 cum
1170 3056 1280 3121 statim
1298 3076 1364 3122 nos
1386 3058 1515 3122 medias

276 3161 306 3226 in
333 3182 388 3227 res
413 3162 521 3226 ducat.
568 3162 659 3227 initia
681 3161 866 3230 tabularum
893 3182 1059 3247 nusquam
1085 3163 1127 3227 ita
1152 3168 1345 3246 comparata
1371 3168 1457 3244 sunt,
1483 3169 1516 3229 ut

275 3268 353 3352 quid
379 3272 455 3333 ante
473 3269 598 3333 initium
615 3273 725 3334 actum
751 3270 793 3334 sit
809 3269 921 3340 fusius
944 3274 1144 3353 exponatur:
1169 3270 1271 3335 immo
1300 3270 1514 3335 notissimum
1551 3291 1556 3298 ·

275 3379 329 3439 est
364 3375 461 3442 etiam
494 3374 546 3440 his
576 3375 786 3459 temporibus
814 3377 906 3457 tatia,
947 3397 1033 3461 quae
1068 3381 1268 3462 argumento
1301 3378 1515 3460 praecedunt,

276 3501 318 3546 ex
343 3481 417 3564 ipsa
442 3486 564 3565 postea
587 3482 698 3547 tabula
723 3483 958 3553 concludenda
983 3502 1073 3547 esse.
1122 3482 1238 3567 Neque
1269 3503 1350 3548 vero
1377 3481 1515 3549 Plautus

275 3587 340 3652 hoc
372 3587 527 3672 neglexit.
575 3571 656 3670 Nam
681 3611 709 3654 v.
734 3589 799 3654 362
830 3593 1044 3673 spectatores
1081 3609 1123 3653 ex
1159 3589 1246 3655 servi
1281 3590 1394 3655 verbis
1430 3610 1514 3675 quo-

276 3695 380 3758 modo
405 3714 460 3759 res
485 3715 566 3759 sese
591 3694 765 3760 habuerint
788 3695 938 3760 audiunt:

433 3818 523 3884 Num
547 3836 598 3885 nre
620 3818 719 3886 hodie
741 3837 841 3885 senex
864 3819 997 3885 seduxit
1019 3820 1127 3885 sotum
1151 3837 1282 3885 sorsum
1306 3820 1350 3886 uh
1365 3819 1515 3887 'aedibus

364 3939 462 4023 Quae
487 3962 562 4007 cunr
589 3944 630 4009 ita
655 3945 722 4009 sint
747 3964 814 4009 non
841 3949 893 4009 est
918 3931 977 4009 cur
1001 3963 1138 4009 scenam
1170 3944 1383 4010 intercidisse
1414 3945 1514 4010 nobis

276 4047 581 4132 persuadeamus¹).
617 4088 660 4095 -
696 4050 799 4116 Etiam
837 4070 975 4116 scenam
1008 4050 1093 4117 litt.
1117 4056 1197 4134 post
1230 4052 1290 4117 ts.
1320 4052 1513 4134 ponendam

276 4175 357 4220 esse
390 4153 679 4222 Schenketius
703 4157 834 4223 'iniuria
871 4157 1050 4238 contendit,
1089 4177 1164 4222 cunr
1193 4157 1264 4222 fieri
1295 4176 1361 4221 non
1393 4158 1514 4240 possit,

276 4266 310 4326 ut
334 4282 438 4328 scena
462 4262 528 4327 atio
554 4262 631 4328 toco
656 4264 776 4329 metius
801 4284 900 4348 quam
926 4284 995 4347 quo
1020 4283 1108 4328 nunc
1134 4268 1243 4328 exstat
1267 4264 1297 4328 in
1320 4267 1512 4329 contextum

367 4520 391 4588 1)
410 4520 485 4573 Adde
505 4521 578 4588 quod
599 4521 650 4573 iam
671 4520 750 4573 Geltii
770 4525 859 4573 aetate
883 4538 907 4574 v.
926 4520 1089 4574 sicut
1108 4519 1282 4588 superstites
1307 4520 1387 4573 huius
1406 4521 1514 4573 tabulae

274 4589 363 4643 tuisse
383 4589 487 4659 primos
508 4596 629 4658 constat;
650 4593 685 4646 ct.
704 4608 774 4660 quae
788 4592 968 4645 Goetzius
988 4596 1015 4643 et
1028 4590 1194 4644 Loewius
1213 4594 1305 4645 adnot.
1324 4594 1357 4645 ad
1376 4609 1401 4646 v.
1416 4593 1457 4645 lo.
1473 4592 1514 4645 17.
