3384 5342
775 383 1107 450 ,,8-.ν

266 562 296 627 in
323 579 459 637 scenam
486 560 656 644 prodiisse
675 561 927 645 Leonidamque
953 580 987 624 re
1006 580 1084 625 vera
1108 560 1288 625 atriensem
1314 582 1396 627 esse
1422 583 1506 628 mer·

267 669 369 733 catori
406 668 543 732 dixisse.
605 668 686 733 Tum
724 672 944 732 mercatorem
982 687 1049 732 non
1087 667 1150 731 iam
1188 687 1387 750 recusasse,
1429 671 1505 754 quin

268 775 443 860 pecuniam
478 775 636 855 traderet,
672 779 771 858 atque
804 774 988 839 Leonidam
1019 774 1228 839 adhortatum
1266 796 1362 857 esse,
1400 781 1432 841 ul
1466 778 1506 842 ad

267 883 443 966 pecuniam
476 882 669 947 tradendam
696 901 812 946 secum
840 880 1039 946 Demaeneti
1070 880 1177 946 aedes
1210 881 1351 948 intraret.
1410 881 1507 965 Quae

266 1011 293 1054 v.
311 988 466 1083 lllbxsqq.
496 992 673 1068 exstarent,
708 992 928 1068 mercatorem
956 992 988 1052 et
1017 988 1201 1053 Leonidam
1230 988 1396 1055 abeuntes
1426 991 1509 1056 inter

267 1091 315 1161 se¹
332 1096 466 1160 locutos
491 1115 581 1160 esse.
628 1092 704 1176 Qua
722 1095 752 1158 in
772 1114 806 1159 re
824 1094 1022 1160 sententiam
1046 1092 1327 1160 Ribbeckium
1344 1097 1507 1163 fefellisse

267 1200 532 1288 Langenus¹l
569 1201 742 1285 probabile
778 1201 934 1282 reddidit,
971 1220 1046 1265 curn
1077 1202 1119 1264 ad
1155 1201 1241 1265 hanc
1278 1203 1504 1269 coniecturam

267 1310 429 1395 quadrare
460 1312 574 1392 neget,
605 1328 691 1393 quae
721 1308 887 1372 abeuntes
918 1312 1084 1372 mercator
1115 1312 1146 1372 et
1177 1308 1326 1374 Leonida
1356 1310 1440 1375 inter
1469 1303 1523 1376 se'

268 1417 452 1500 loquantur.
500 1412 602 1496 Quod
621 1434 695 1479 mea
720 1415 854 1498 quidem
873 1415 1038 1479 sententia
1064 1419 1153 1479 recte
1171 1417 1312 1480 monuit:
1338 1437 1412 1482 nam
1432 1437 1506 1482 cum

268 1527 433 1588 mercator
449 1522 625 1605 pecuniam
644 1522 773 1587 tradere
790 1520 876 1601 velit,
892 1522 945 1586 vix
963 1521 1109 1607 intellegi
1127 1526 1249 1604 potest,
1274 1542 1332 1588 cur
1349 1524 1507 1604 Leonida,

268 1634 390 1713 quanta
419 1630 493 1711 ipse
517 1628 584 1693 lide
614 1628 740 1714 dignus
766 1627 821 1708 sit,
847 1627 1012 1710 exemplis
1038 1627 1200 1692 illustrare
1226 1649 1292 1693 non
1320 1630 1461 1694 desistat
1473 1627 1507 1712 ²).

270 1733 367 1817 Quae
401 1755 474 1800 cum
508 1735 551 1799 ila
582 1734 656 1814 sint,
686 1734 911 1818 Langenus
937 1737 1016 1816 post
1039 1754 1068 1798 v.
1092 1733 1157 1800 495
1182 1723 1364 1800 nonnullos
1388 1757 1508 1801 versus

268 1825 479 1907 intercidisse
505 1845 604 1924 putat,
630 1840 752 1924 quibus
778 1845 944 1904 mercator
967 1840 1139 1906 Leonidae
1165 1841 1206 1906 ita
1232 1841 1452 1923 obsecundet,
1475 1848 1509 1909 ut

268 1948 320 2013 ille
352 1949 421 2013 iure
453 1949 534 2028 „iam
567 1967 654 2012 nunc
689 1947 840 2012 secunda
873 1946 936 2011 sibi
967 1947 1112 2011 lecisse“
1145 1953 1365 2013 mercatorem
1397 1950 1516 2014 dicere-

270 2056 391 2138 possit.
450 2054 518 2120 Sed
545 2075 586 2118 ne
611 2053 672 2118 hac
698 2054 832 2137 quidem
859 2053 1052 2118 coniectura
1078 2074 1168 2144 opus
1193 2075 1274 2119 esse
1300 2075 1353 2120 me
1375 2056 1508 2140 quidem

272 2163 380 2227 iudice
410 2166 499 2226 recte
529 2161 687 2253 exposuit
713 2159 957 2225 fridericus
986 2157 1119 2242 Leo3),
1144 2161 1199 2246 qui
1225 2162 1266 2225 ad
1294 2183 1324 2226 v.
1336 2161 1405 2228 ’496
1426 2163 1509 2228 haec

268 2269 417 2334 adnotat:
448 2268 720 2350 „excusationem
753 2287 839 2350 quae
868 2267 971 2331 videri
1003 2268 1114 2350 possit
1142 2268 1254 2351 arripit
1284 2268 1446 2349 Leonida,
1476 2274 1510 2334 ut

269 2376 343 2458 ipse
369 2396 408 2440 se
433 2379 554 2459 purget
578 2379 610 2439 et
634 2375 825 2447 modestum
851 2374 958 2454 iaciat,
983 2374 1093 2438 multis
1118 2374 1230 2439 verbis
1255 2375 1403 2459 adquae
1428 2395 1508 2458 pau-

269 2483 406 2547 cissima
423 2482 512 2546 alter.
538 2482 586 2546 sic
605 2481 814 2562 exeunt“.—
831 2480 950 2566 Neque
971 2484 1080 2545 tamen
1100 2480 1142 2546 ita
1160 2481 1258 2546 simul
1276 2481 1328 2546 illa
1345 2482 1509 2566 quaestio

269 2609 355 2672 qnae
381 2589 484 2654 multo
510 2589 645 2653 maioris
671 2570 830 2652 momenti
856 2591 924 2679 est,
953 2587 995 2650 ad
1020 2587 1120 2652 linem
1147 2592 1200 2653 est
1225 2588 1400 2670 perducta,
1431 2609 1508 2652 num

270 2697 408 2760 omnino
445 2696 519 2760 eius
555 2696 645 2778 quod
684 2694 948 2778 Spengelius
988 2693 1147 2777 exposuit
1182 2690 1369 2778 argumenti
1406 2715 1509 2759 scena

270 2802 409 2886 perierit.
463 2799 539 2883 Qua
564 2802 594 2866 in
633 2822 667 2866 re
692 2802 803 2865 lacere
835 2820 902 2864 non
941 2819 1101 2884 possum,
1141 2801 1218 2885 quin
1240 2802 1338 2866 talem
1371 2821 1507 2866 scenam

270 2909 442 2972 exstitisse
472 2927 603 2993 negem.
632 2903 706 2972 ‘Aa
741 2927 839 2991 quam
871 2907 1070 2970 sententiam
1100 2907 1335 2990 proterendam
1366 2909 1509 2973 maxime

188 3046 190 3055 .
271 3034 323 3078 me
342 3015 524 3079 commovit
541 3014 623 3078 haec
642 3013 845 3078 deliberatio
892 3012 977 3077 Cum
996 3013 1059 3077 iarn
1078 3014 1230 3079 secunda
1248 3034 1351 3078 scena
1369 3015 1509 3098 secundi

268 3126 365 3185 actus
389 3121 499 3212 lusius
517 3121 709 3204 expositum
736 3120 984 3204 sit„quomodo
1010 3121 1097 3185 servi
1115 3126 1334 3186 mercatorem
1353 3121 1509 3205 decipere

270 3213 435 3308 studeant,
463 3231 563 3311 atque
594 3228 656 3294 iam
682 3249 700 3291 a
732 3227 881 3320 Leonida
908 3226 1153 3292 Demaenetum
1179 3248 1353 3293 servorum
1379 3228 1509 3292 consilii

271 3335 446 3398 conscium
477 3334 599 3399 lactum
630 3354 709 3398 esse
739 3334 991 3417 spectatoribus
1025 3339 1140 3398 notum
1172 3335 1222 3415 sit,
1253 3336 1308 3418 qui
1337 3355 1510 3400 servorum

270 3441 371 3505 verba
401 3441 633 3524 triumphantia
662 3445 762 3525 atque
793 3441 954 3523 imprimis
978 3461 1006 3504 v.
1023 3441 1178 3505 580-84
1202 3441 1305 3522 audit,
1334 3429 1400 3506 iam'
1427 3442 1509 3505 satis

270 3568 441 3633 superque
471 3548 646 3631 quomodo
676 3567 730 3611 res
761 3547 908 3611 evenerit
939 3546 1009 3631 scit.
1057 3544 1197 3611 Accedit
1227 3547 1313 3612 aliud
1344 3547 1510 3627 indicium,

271 3655 359 3719 unde
392 3653 521 3718 eluceat
552 3674 689 3718 scenam
723 3653 846 3736 periise
879 3652 1249 3718 iniuriacomectatum
1285 3675 1374 3719 esse.
1431 3654 1508 3718 lllud

270 3761 357 3825 enim
384 3761 582 3840 constater
608 3760 681 3824 talis
707 3759 846 3824 omnino
872 3778 976 3823 scena
1000 3780 1019 3822 a
1044 3756 1164 3824 Plauto
1190 3761 1380 3843 composita
1405 3765 1507 3840 esset,

270 3867 333 3931 sub
358 3866 425 3931 line
451 3886 576 3931 scenae
600 3865 667 3932 ll..4
689 3887 762 3931 eam
788 3865 981 3950 ponendam
1006 3866 1123 3932 luisse.
1171 3867 1235 3931 lam
1252 3887 1344 3948 vero,
1369 3868 1399 3932 id
1418 3868 1508 3952 quod

361 4090 383 4157 1)
402 4085 1012 4157 PlautSludien’lBerolini188ttlp.103.

358 4161 383 4230 2)
404 4161 445 4214 Ci
464 4178 489 4213 v.
507 4160 613 4214 tntu
585 4159 671 4214 rdiam
694 4159 780 4214 bodie
797 4158 1021 4226 Periphanese.
1042 4177 1068 4227 q.
1087 4177 1126 4213 s.:
1150 4178 1175 4213 v.
1194 4162 1242 4213 501
1266 4152 1353 4230 atque
1372 4163 1458 4217 etiarn
1479 4165 1510 4218 tu

324 4232 586 4314 ..credereseq
590 4239 639 4284 .s.

404 4304 445 4356 cf.
456 4294 535 4356 eliam
556 4249 771 4356 chhenkelii
792 4302 905 4372 (Ztsclrr.
924 4302 943 4354 i.
963 4305 989 4355 d.
1009 4305 1109 4356 bsterr.
1122 4304 1251 4389 Gymnas.
1270 4306 1314 4370 33,
1330 4306 1406 4370 1882,
1426 4306 1508 4373 pli)

269 4376 303 4427 de
324 4375 366 4426 lris
386 4375 514 4428 versibus
534 4374 705 4428 sententiam.

358 4447 384 4515 3)
404 4447 445 4498 Ci
465 4446 568 4510 Plauti
589 4446 778 4508 comoediae
808 4444 928 4497 Berolini
955 4445 1024 4498 1895
1047 4449 1100 4498 νοΙ.
1121 4447 1175 4514 lp.
1194 4448 1260 4499 72..
1275 4447 1373 4500 Srmrlr
1362 4454 1404 4500 er
1429 4448 1508 4499 etiarn

272 4518 337 4570 Lan
346 4518 520 4586 grebrrus
540 4516 677 4570 Plautina'
698 4485 849 4586 (Friedland
870 4516 886 4569 i.
905 4517 942 4570 Μ.
964 4517 1040 4586 1894)
1068 4535 1093 4586 ρ.
1112 4518 1159 4587 899
1183 4520 1218 4570 de
1239 4520 1291 4571 boc
1318 4522 1380 4571 loco
1402 4519 1509 4572 iudicat.
