3384 5342
689 422 940 520 5231-

206 621 245 668 se
270 606 489 668 mercatorem
516 599 711 666 defraudare
737 619 844 684 posse
871 604 971 685 putet,
996 600 1114 682 statim,
1140 604 1173 666 ul
1194 599 1355 665 Libanum
1381 601 1445 666 sibi

204 709 396 793 „optionem
415 706 541 773 sumat'
558 706 587 790 ¹),
604 708 743 773 accurrit
754 704 787 789 ²).
836 707 933 772 l·lunc
950 707 981 772 in
1003 711 1195 773 contextum
1222 707 1348 791 optime
1366 724 1446 789 qua-

207 818 291 897 drat,
323 816 414 898 quod
440 833 527 897 quae
553 814 710 880 dominus
735 816 800 879 hoc
826 815 903 898 ipso
936 815 989 879 die
1020 834 1096 878 eum
1129 813 1274 879 iusserat
1298 814 1446 880 libanus

207 943 375 990 conservo
405 926 512 987 narrat
540 926 573 986 et
602 922 665 986 iarn
695 921 725 986 in
756 921 817 985 hac
847 941 881 986 re
914 921 1001 986 nulla
1026 925 1079 986 est
1103 920 1280 986 difficultas
1295 916 1329 1002 ³).
1377 919 1444 986 Sed

189 1030 342 1112 nequid
362 1029 630 1114 praetermisisse
646 1026 768 1109 videar,
789 1028 982 1092 addendum
1000 1032 1061 1109 est,
1087 1048 1129 1092 ne
1147 1026 1349 1093 llavetum
1375 1029 1446 1109 qui-

205 1138 290 1217 dem,
316 1137 428 1220 utqui
454 1137 537 1200 satis
563 1140 658 1200 caute
681 1135 1001 1222 suamnsententiam
1029 1134 1209 1218 protulerit,
1234 1134 1344 1218 ipsum
1370 1134 1459 1223 huic!

205 1245 419 1310 coniecturae
444 1243 579 1308 multum
605 1241 749 1307 tribuere
764 1239 799 1324 4);

294 1349 472 1416 Praeterea
490 1348 678 1415 liavetus
693 1345 717 1431 5)
743 1353 823 1432 post
838 1349 904 1414 544
929 1349 1081 1413 lacunam
1107 1368 1188 1414 esse
1206 1349 1358 1430 coniecit,
1380 1366 1445 1431 qua
1467 1336 1469 1343 ’

205 1458 345 1542 primum
372 1457 539 1540 parasitus
564 1457 595 1521 in
614 1475 752 1520 scenam
771 1455 963 1538 prodiisset,
988 1459 1022 1521 ut
1042 1455 1138 1521 lenae
1156 1456 1327 1524 dominum
1345 1477 1444 1521 suurn

205 1565 381 1648 pecuniam
399 1564 571 1628 allaturum
590 1583 671 1628 esse
689 1563 821 1644 diceret,
847 1563 969 1628 deinde
986 1561 1197 1646 Argyrippus
1214 1582 1351 1647 quoque
1370 1583 1444 1627 cum

204 1672 278 1737 lena
311 1671 500 1735 collocutus
533 1674 635 1734 esset.
694 1668 762 1736 Sed
795 1688 871 1734 cum
908 1669 971 1733 ianr
1004 1665 1146 1752 suprassl
1183 1669 1445 1752 exposuerimus

204 1777 424 1858 dillicultates,
450 1777 572 1862 quibus
591 1777 779 1842 llavetus
796 1776 838 1840 ad
864 1776 948 1840 hanc
966 1795 1104 1860 quoque
1128 1777 1279 1840 lacunam
1298 1781 1445 1841 statuen-

203 1885 279 1948 dam
301 1885 468 1949 adductus
491 1888 551 1964 est,
577 1884 725 1967 expediri
748 1903 866 1966 posse,
891 1883 920 1946 si
945 1887 1025 1966 post
1040 1904 1068 1947 v.
1085 1883 1150 1947 544
1165 1884 1295 1947 'versus
1319 1883 1447 1967 aliquot

165 2039 168 2046 .
203 1991 374 2055 excidisse
406 1990 606 2072 conicimus,
642 2010 710 2055 non
743 1994 804 2054 est·
819 2009 879 2054 cur
902 1990 987 2055 duas
1013 2009 1137 2054 scenas
1170 1988 1313 2073 periisse
1346 1989 1445 2054 nobis

203 2099 481 2181 persuadeamus.
505 2134 548 2142 -

292 2203 396 2285 Nunc,
411 2202 455 2269 'ut
472 2205 556 2268 hanc
574 2205 616 2268 de
634 2204 783 2269 llaveti
808 2203 1100 2268 dissertatiuncula
1118 2196 1378 2286 disputationem
1401 2202 1442 2268 ad

200 2311 302 2376 linem
322 2312 513 2396 perducam,
538 2315 648 2392 restat,
666 2315 700 2375 ut
718 2310 835 2394 paucis
862 2311 903 2374 de
921 2310 998 2393 ipso
1018 2308 1165 2375 Diabolo
1189 2329 1298 2394 agam.
1346 2309 1444 2374 Nam·

201 2435 268 2500 que
294 2418 482 2483 llavetus
515 2437 582 2482 non
615 2422 704 2483 recte
737 2417 865 2482 dixisse
897 2417 974 2482 milri
1006 2417 1140 2501 quidem
1164 2416 1294 2480 videtur
1318 2416 1379 2480 hac
1411 2416 1441 2480 in

198 2524 312 2590 fabula
336 2525 367 2590 id
394 2525 609 2608 potissimum
634 2525 698 2609 agi,
724 2529 757 2589 ul
782 2523 925 2588 rivalitas
950 2524 1033 2588 inter
1057 2522 1281 2608 Argyrippum
1307 2527 1340 2588 et
1364 2522 1443 2589 Dia·

200 2631 315 2697 bolum
346 2629 599 2714 describaturll.
648 2632 751 2696 immo
781 2651 856 2695 mea
880 2631 1045 2695 sententia
1075 2634 1176 2713 poeta
1201 2630 1231 2694 id
1259 2650 1359 2717 unum
1385 2631 1444 2719 de-¹

199 2737 349 2804 scribere
372 2739 448 2820 vult,
473 2759 572 2824 quam
597 2739 696 2803 variis
719 2739 873 2803 iortunae
899 2737 1037 2802 casibus
1062 2736 1272 2823 Argyrippus
1297 2737 1442 2818 iactetur,

200 2845 395 2930 priusquam
422 2845 528 2928 pretio
555 2866 615 2929 pro
640 2845 746 2911 asinis
772 2845 886 2910 soluto
911 2844 962 2926 (cl.
979 2844 1106 2909 titulum
1125 2843 1338 2930 comoediae)
1361 2844 1441 2907 ami-

160 2939 162 2942 *
199 2971 272 3017 carn
299 2951 362 3017 sibi
388 2947 638 3036 comparaverit,
665 2951 845 3018 Diabolum
871 2956 1018 3016 autema
1039 2955 1139 3034 poeta
1165 2951 1334 3015 inductum
1361 2971 1441 3015 esse

198 3059 361 3141 imprimis
394 3078 462 3144 quo
495 3063 625 3124 crescat
655 3058 887 3123 adulescentis
918 3059 1031 3138 timor,
1063 3079 1105 3122 ne
1136 3058 1276 3122 amicam
1307 3056 1441 3138 amittat,

199 3165 321 3230 deinde
354 3167 451 3232 etiarn
484 3170 518 3230 ut
550 3165 709 3249 puniendi
735 3164 934 3230 Demaeneti
966 3168 1083 3228 auctor
1113 3164 1163 3228 sit.
1188 3201 1231 3208 -
1256 3162 1324 3229 Sed
1357 3163 1440 3228 haec

197 3272 371 3338 hactenus.
1221 3338 1227 3351 ,

286 3365 512 3448 Transeamus
538 3399 625 3443 nunc
650 3380 691 3442 ad
717 3378 802 3442 illam
829 3378 1063 3462 quaestionem
1097 3381 1203 3442 utrum
1236 3377 1290 3461 qui
1315 3397 1436 3442 versus

197 3486 290 3551 initio
327 3487 429 3571 quinti
470 3491 566 3551 actus
607 3490 739 3550 exstant
781 3485 913 3567 (versus
951 3485 1027 3549 dico
1063 3481 1234 3566 828l829),
1274 3484 1305 3548 id
1346 3476 1451 3568 quod

197 3590 424 3676 Weisiusssl
457 3593 616 3674 coniecit,
651 3593 742 3658 alteri
779 3591 970 3656 recensioni
1004 3590 1201 3656 attribuendi
1237 3612 1278 3656 an
1313 3611 1438 3655 scenae

285 3782 311 3922 il
331 3781 559 3905 &bnvmiglidum
575 3869 648 3915 esse,
669 3853 742 3919 quod
763 3868 817 3919 quo
839 3851 901 3918 ipso
925 3851 968 3903 die
989 3851 1139 3920 Argyrippo
1160 3851 1277 3918 pecunia
1296 3866 1367 3918 opus
1388 3856 1439 3914 est,

195 3939 247 3992 per
266 3941 359 3977 casum
380 3928 516 3976 mercator
541 3923 584 3994 ille
612 3922 737 3976 Pellaeus
761 3923 887 3978 adveniat
907 3923 1097 3990 Langenus
1126 3922 1162 3992 (L.
1183 3939 1206 3974 s.
1226 3938 1249 3974 ε.
1269 3939 1295 3989 ρ.
1314 3921 1349 3973 89
1368 3922 1438 3991 adn.)

195 3995 331 4048 similibus
351 3996 483 4064 exemplis
503 3994 605 4047 diserte
625 3994 760 4062 exposuit.

170 4100 172 4104 Δ
285 4069 310 4136 3)
331 4067 389 4120 Non
412 4072 494 4130 recta,
515 4082 584 4134 quae
605 4065 852 4148 langrelrrius
879 4067 904 4135 (l.
924 4081 947 4116 S.
968 4082 991 4116 s.
1001 4082 1036 4187 kp
1056 4066 1081 4133 5)
1108 4066 1142 4116 de
1162 4064 1438 4146 hac-reldisputavil.

284 4140 310 4208 4)
331 4139 371 4192 Ci.
392 4141 407 4192 1.
422 4155 444 4191 S.
459 4155 481 4190 s.
496 4155 521 4206 p.
537 4138 598 4190 101:
619 4153 662 4206 „le
683 4137 819 4188 n'oserars
839 4141 965 4203 pourtanl
985 4153 1000 4187 a
1023 4152 1104 4187 irmer
1123 4138 1147 4187 la
1167 4139 1315 4188 mutilatron
1337 4138 1436 4188 nnnale

195 4211 231 4262 de
251 4211 328 4263 l'acte
350 4211 394 4262 ier:
416 4227 447 4262 ce
468 4210 538 4261 n'est
558 4209 657 4278 qu’une
677 4206 828 4276 hypothese
850 4208 983 4274 plausible
1004 4246 1032 4259 ..
1052 4223 1076 4259 e.
1097 4224 1122 4274 q.
1143 4223 1166 4258 s.

285 4282 310 4350 5)
331 4283 357 4334 Ι..
377 4298 400 4334 ε.
420 4298 443 4334 5.
463 4299 488 4349 ρ.
510 4281 569 4333 100.

284 4353 309 4422 b)
330 4352 371 4404 Cl.
391 4353 471 4405 huius
491 4353 559 4404 diss,
579 4368 604 4420 p.
626 4351 652 4402 ll
678 4367 720 4418 sq.

285 4425 310 4493 7)
330 4424 372 4477 Cf.
392 4427 407 4476 1.
427 4441 450 4476 ε.
471 4441 493 4476 s.
517 4423 627 4490 pilii:
657 4422 711 4486 „La
730 4420 833 4473 rivalile'
860 4422 893 4472 de
914 4420 1030 4473 Diabole
1058 4427 1083 4472 el
1104 4420 1280 4488 d'llrgyrippe
1300 4425 1343 4472 est
1363 4422 1435 4473 donc

288 4498 311 4546 le
332 4497 404 4564 sujet
422 4495 534 4563 general
554 4496 588 4546 de
608 4498 683 4546 toute
704 4496 728 4547 la
747 4492 853 4560 piece“.

285 4567 310 4637 8)
331 4566 372 4619 cf.
391 4565 547 4618 Weisius
568 4566 593 4617 in
614 4565 714 4629 libello,
737 4564 782 4633 qui
803 4563 959 4616 inscribitur
978 4564 1040 4628 „die
1060 4563 1216 4616 Komddien
1236 4565 1287 4615 des
1307 4563 1436 4617 Plautus“
1527 4552 1530 4559 ’

196 4654 223 4706 ρ.
241 4637 277 4692 34
296 4653 338 4710 sq.
358 4643 384 4691 et
404 4638 612 4707 Geppertus
632 4638 704 4690 stud.
723 4637 807 4689 Plaut.
826 4638 881 4688 vol.
900 4635 918 4690 l.
938 4652 964 4705 p.
982 4635 1073 4706 81182.
