3384 5342
798 413 1021 480 ..33..

378 589 479 654 Etiam
518 592 655 656 alterurn
695 591 1013 675 praeoccupationis
1051 591 1242 675 exemptum
1278 608 1317 654 se
1356 589 1528 655 invenisse

289 697 577 782 Langrehrius
603 698 654 762 his
670 697 783 763 verbis
808 699 900 763 dicit:
925 719 1018 779 „narn
1044 715 1131 780 quae
1156 697 1321 763 Diabolus
1348 697 1527 780 parasitum

288 824 386 870 suum
413 803 629 870 conscribere
648 806 801 885 iusserat,
826 826 985 870 sermone
1004 804 1180 890 Argyrippi
1203 804 1266 869 iam
1293 807 1370 867 sunt
1388 803 1528 868 indicata

288 915 320 976 et
346 910 461 994 partim
488 911 622 994 quidem
648 913 853 977 adverbum
879 932 1052 996 expressa.
1110 911 1152 976 tta
1176 908 1388 993 syngraphus
1413 931 1441 974 v.
1464 910 1530 976 238

289 1022 321 1082 et
345 1018 410 1084 745
423 1015 454 1099 ¹),
483 1018 575 1100 leges
597 1040 626 1083 v.
643 1018 709 1084 234
734 1024 765 1083 et
789 1019 855 1084 74o
869 1017 904 1100 2),
922 1023 1119 1102 perpetuum
1149 1034 1271 1082 annum
1295 1016 1380 1082 dunc
1403 1036 1431 1080 v.
1454 1016 1529 1097 235,

287 1122 372 1188 bunc
396 1141 517 1190 annum
542 1127 647 1190 totum
671 1145 698 1190 v.
723 1125 797 1206 754,
827 1142 886 1190 nec
910 1142 1107 1207 quemquam
1202 1123 1305 1188 ulium
1329 1121 1403 1203 236,
1426 1139 1531 1204 neque

287 1247 359 1296 cum
385 1231 542 1313 quiquam
567 1231 636 1296 alio
660 1232 725 1296 754
739 1229 790 1314 ³)“.
838 1231 907 1298 Sed
940 1232 1022 1296 haec
1046 1235 1222 1314 tantopere
1255 1233 1377 1312 poetae
1403 1229 1529 1294 crimini

288 1336 397 1401 danda
429 1357 510 1402 esse
540 1338 742 1422 negaverim.
797 1339 878 1404 Nam
912 1339 1103 1420 ubicunque
1135 1338 1177 1402 de
1208 1337 1326 1400 eadem
1351 1336 1402 1399 vel
1432 1336 1529 1404 simili

288 1463 323 1507 re
347 1443 463 1527 agitur,
489 1444 586 1509 etiam
611 1445 741 1510 eisdem
767 1447 817 1510 vet
849 1446 1013 1510 similibus
1038 1445 1149 1510 verbis
1181 1448 1315 1526 poetam
1347 1441 1390 1506 uti
1421 1462 1529 1525 posse

287 1549 363 1630 quis
388 1554 441 1615 est
465 1549 543 1632 quin
570 1551 758 1617 concedat?
802 1551 981 1617 Praeterea
1000 1555 1196 1633 perpetuum
1221 1565 1343 1613 annum
1367 1552 1400 1612 et
1424 1553 1529 1614 toturn

286 1672 408 1720 annum
434 1677 475 1720 ne
498 1657 585 1722 valet
609 1658 743 1738 quidem
771 1678 914 1740 prorsus
939 1658 1035 1723 idem.

377 1762 419 1826 nt
444 1763 540 1828 etiam
568 1765 608 1828 de
631 1783 739 1828 rerum
766 1769 853 1828 statu
879 1765 910 1829 in
929 1764 1126 1829 Cleaeretae
1152 1765 1256 1827 domo
1281 1766 1415 1845 poetam
1442 1777 1529 1842 quae

287 1867 421 1933 minime
447 1875 640 1934 consonent
669 1870 790 1935 reterre
817 1870 897 1935 Lan
907 1871 1107 1956 grebrins
1136 1869 1322 1953 indagasse
1346 1867 1410 1932 sibi
1433 1868 1529 1932 visus

288 1973 387 2056 est4).
446 1973 585 2059 Reapse
616 1976 657 2040 ab
689 1976 751 2040 alia
784 1981 875 2060 parte
913 1977 1036 2041 domus
1069 1981 1101 2040 et
1130 1975 1254 2039 familia
1285 1975 1395 2055 ienae,
1432 1976 1529 2058 quasi

168 2155 172 2162 ,
289 2081 396 2147 divitis
420 2081 581 2163 feminae,
611 2082 711 2147 nobis
737 2083 978 2168 depinguntur,
1010 2101 1211 2167 quamquam
1236 2081 1279 2144 ab
1303 2081 1404 2146 attera
1436 2085 1529 2163 parte

286 2189 450 2272 egestatis
487 2207 593 2271 saepe
630 2190 755 2254 mentio
790 2190 833 2254 tit.
882 2190 1185 2274 Langrehrium
1218 2192 1328 2252 autern
1363 2187 1529 2269 praeteriit

287 2294 417 2376 opinor,
436 2315 477 2358 ex
495 2296 579 2375 ipsis
593 2295 769 2381 Argyrippi
786 2297 899 2362 verbis
917 2297 968 2378 (ci.
981 2318 1009 2362 v.
1026 2296 1210 2377 139-1444
1225 2295 1357 2359 etucere
1372 2293 1528 2358 Cteaere-

286 2404 362 2481 tam,
379 2394 580 2483 'priusquam
607 2403 658 2467 itte
683 2403 829 2467 animum
850 2403 1022 2468 Philaenio
1046 2404 1193 2482 dederat,
1217 2420 1348 2465 summa
1375 2404 1528 2484 egestate

284 2507 426 2572 vixisse:
474 2510 618 2573 eundem
657 2514 767 2574 autem
808 2530 889 2575 mox
933 2515 1059 2576 tantum
1100 2508 1262 2590 pecuniae
1300 2506 1455 2588 dedisse,
1496 2512 1529 2571 ut

286 2613 351 2679 iam
370 2615 456 2678 laute
473 2615 583 2680 vivere
603 2621 730 2696 posset.
770 2615 872 2698 Quod
898 2618 941 2682 ibi
966 2617 1040 2681 lena
1065 2617 1138 2698 ipsa
1163 2615 1231 2681 sibi·
1256 2634 1322 2678 non
1353 2613 1415 2677 iam
1446 2633 1527 2678 esse

247 2704 249 2708 ’
287 2720 372 2801 dicit,
398 2737 466 2802 quo
488 2737 617 2802 panem,
640 2723 751 2787 vinum
770 2724 832 2787 alia
853 2729 949 2804 emat,
974 2724 1069 2789 haec·
1083 2741 1142 2804 per
1158 2721 1420 2802 superlationem
1446 2739 1528 2784 esse

287 2826 373 2891 dicta
408 2827 462 2891 vix
498 2845 703 2910 quemquam
739 2829 858 2915 fugere
895 2835 984 2911 puto.
1045 2829 1151 2894 Porro
1189 2833 1322 2909 poetam
1359 2826 1423 2891 sibi
1459 2845 1526 2890 non

289 2933 485 2998 constitisse
511 2934 541 2997 in
560 2935 806 3000 consuetudine
833 2935 992 3000 Philaenii
1017 2936 1240 3001 describenda
1258 2933 1527 3017 Langrehrins

287 3058 354 3102 non
392 3043 481 3104 recte
524 3041 700 3106 monuisse
715 3037 739 3123 ⁵)
776 3042 853 3107 mihi
889 3043 1024 3107 videtur.
1084 3041 1166 3107 Nam
1208 3057 1409 3122 quamquam
1451 3040 1527 3104 alibi

288 3146 448 3226 scriptum
474 3151 526 3210 est
552 3147 693 3228 puellam
718 3169 737 3212 a
763 3154 866 3213 matre
899 3151 1036 3214 domum
1063 3147 1238 3233 Argyrippi
1264 3146 1403 3210 missam
1436 3166 1527 3226 esse,

286 3251 362 3316 alibi
380 3250 601 3336 Argyrippum
628 3255 764 3319 domum
784 3255 980 3320 Cteaeretae
1004 3256 1142 3321 venisse
1168 3257 1284 3332 exstat,
1308 3256 1417 3316 tamen
1444 3252 1526 3316 haec

287 3357 370 3422 inter
405 3378 443 3421 se
482 3359 616 3424 minime
649 3381 842 3426 consonare
879 3363 993 3426 iniuria
1025 3361 1195 3426 contendit
1227 3357 1527 3441 Langrehrius.

288 3464 391 3528 immo
426 3466 697 3532 verisimillimum
731 3469 807 3533 mihi
840 3469 970 3534 videtur
1003 3490 1100 3549 esse,
1137 3487 1211 3532 cum
1244 3464 1453 3548 Argyrippus
1484 3465 1525 3528 ad

290 3569 494 3636 Philaenium
512 3574 630 3654 veniat,
648 3595 720 3638 eam
741 3589 878 3656 quoque
896 3576 1033 3640 domum
1052 3574 1227 3659 Argyrippi
1244 3571 1390 3636 venisse.
1427 3569 1526 3635 Prae·

286 3682 376 3742 terea
403 3697 476 3742 cum
502 3679 583 3744 intra
609 3681 761 3745 eiusdem
788 3701 914 3747 scenae
940 3682 1082 3761 spatium
1111 3681 1278 3746 eiusmodi
1307 3678 1526 3762 repugnantia

287 3801 373 3864 quae
399 3784 551 3849 dicuntur
580 3786 883 3872 deprehendantur,
913 3788 1085 3867 probabile
1115 3793 1167 3852 est
1196 3790 1329 3855 minime
1355 3813 1394 3856 ea
1418 3792 1526 3857 tuisse

287 3911 320 3954 re
345 3911 422 3954 vera
447 3893 675 3976 repugnantia.

377 3995 473 4078 Quae
494 3998 652 4078 qnoniam
679 4000 720 4063 de
739 3999 989 4085 Langrehrii
1015 4004 1184 4084 opusculo
1210 4004 1333 4084 monui,
1357 4005 1399 4068 ad
1423 4005 1525 4069 tinem

377 4254 400 4322 i)
421 4254 493 4321 Lege
513 4254 573 4307 746.

375 4325 400 4394 2)
420 4325 493 4392 Lege
513 4326 574 4378 747.

374 4396 624 4465 bbssp&

375 4467 624 4537 bbssp&

375 4539 624 4609 Qbsspb
695 4582 699 4589 .
