3384 5342
766 459 989 523 -40„.

257 633 405 701 floruerit
420 634 634 716 fabulamque
660 636 701 700 de
720 652 784 717 qua
810 655 924 700 sermo
950 640 1010 716 est,
1036 638 1289 720 praeterquam
1317 658 1358 703 ne
1382 635 1496 703 titulus

259 743 391 824 quidem
433 742 530 806 ullius
560 742 759 806 comoediae
791 741 944 806 eiusdem
975 746 1097 824 poetae
1128 743 1169 806 ad
1203 763 1268 807 nos
1301 744 1496 827 pervenerit,

259 849 410 914 docuerit
445 848 585 913 omnino
625 847 827 912 nesciamus.
887 847 1099 930 Quamquam
1136 849 1220 913 Leo
1258 849 1495 934 Demophilum

258 955 433 1020 Menandri
450 947 616 1019 aemulum
640 954 749 1019 fuisse
774 954 837 1019 sibi
863 955 1040 1038 persuasit,
1064 975 1139 1021 curn
1156 955 1400 1036 „Plautinische
1418 956 1497 1022 For·

259 1063 454 1148 schungen“
485 1081 515 1146 p.
544 1061 604 1127 132
636 1061 718 1126 haec
750 1061 878 1126 scribit:
911 1061 1172 1145 „Demophilus
1204 1063 1256 1127 ein
1290 1063 1497 1128 Nachahmer

259 1171 320 1234 des
346 1168 557 1233 Menander“.
605 1167 673 1232 Sed
701 1168 797 1233 valde
830 1168 1012 1233 dolendum
1043 1173 1095 1232 est
1125 1170 1215 1250 quod
1246 1170 1369 1250 quibus
1398 1190 1496 1255 argu·

260 1271 381 1340 mentis
399 1276 439 1339 ad
458 1275 542 1338 hanc
560 1274 759 1338 sententiam
777 1275 944 1338 adductus
962 1275 1004 1339 sit
1022 1293 1187 1356 nusquam
1206 1276 1292 1341 dicit.
1334 1277 1496 1358 Equidem

259 1382 321 1446 etsi
340 1382 427 1446 bene
444 1380 619 1445 Menandri
644 1385 746 1445 artem
773 1380 929 1445 novimus
953 1418 997 1425 —
1021 1381 1050 1445 si
1074 1381 1208 1462 quidem
1235 1402 1276 1447 ex
1299 1383 1496 1468 fragmentis

259 1488 433 1553 uberrimis
459 1492 491 1553 et
516 1488 565 1552 eis
591 1505 676 1569 quas
702 1484 841 1552 Plautus
866 1491 899 1552 et
922 1486 1097 1553 Terentius
1122 1488 1153 1553 in
1180 1488 1325 1574 linguam
1347 1490 1496 1556 Latinam

177 1600 179 1604 ‘
255 1598 422 1659 verterunt
456 1593 578 1658 fabulis
611 1594 790 1675 'quomodo
827 1594 879 1658 ille
916 1593 1115 1658 comoedias
1151 1615 1233 1659 suas
1265 1597 1497 1679 composuerit

257 1701 449 1766 coniectura
480 1700 634 1785 augurari
665 1700 740 1764 licet
763 1737 805 1744 —
830 1704 941 1764 tamen
973 1720 1047 1765 cum
1080 1700 1272 1783 Demophili
1304 1702 1367 1768 nisi
1397 1720 1496 1785 quam

257 1806 395 1872 Plautus
413 1828 454 1871 ex
472 1827 587 1892 onago
608 1807 785 1889 expressit,
811 1806 898 1871 nulla
918 1807 1029 1871 fabula
1046 1807 1087 1871 ad
1114 1826 1179 1872 nos
1197 1809 1392 1890 pervenerit,
1416 1829 1496 1874 con-

258 1914 392 1978 cludere
423 1933 489 1977 non
516 1913 658 1978 audeam
685 1933 727 1978 ex
751 1914 812 1977 hac
837 1913 912 1977 sola
935 1913 1047 1977 fabula
1066 1913 1304 1997 Demophilum
1322 1914 1497 1980 Menandri

257 2020 453 2085 imitatorem
472 2036 561 2085 esse.
601 2019 742 2084 Accedit
755 2020 846 2100 quod
864 2020 959 2084 frium
976 2019 1161 2085 fabularum
1180 2041 1222 2085 ex
1239 2021 1362 2103 quibus
1376 2021 1497 2086 Asina-

257 2127 336 2191 riam
355 2128 503 2209 pendere
522 2131 613 2209 putat
628 2126 775 2190 fortasse
794 2126 880 2190 nulla
898 2126 1086 2191 Menandro
1103 2127 1278 2192 tribuenda
1296 2133 1348 2192 est
1360 2127 1391 2209 ¹).
1428 2127 1496 2194 Sed

258 2233 321 2297 iam
340 2253 414 2298 cum
440 2233 522 2298 haec
548 2233 872 2316 praemonuerimus,
896 2233 937 2297 ad
956 2233 1064 2316 ipsam
1082 2234 1287 2298 accedamus
1305 2254 1383 2299 rem.
1413 2235 1497 2300 Le'o

259 2340 360 2421 enim,
390 2360 465 2404 curn
491 2340 577 2404 haud
603 2340 749 2424 ignoret,
774 2357 861 2420 quae
886 2340 917 2404 in
944 2340 1133 2404 comoediis
1159 2340 1320 2405 Plautinis
1346 2341 1398 2405 sui
1424 2361 1497 2424 per·

258 2446 376 2511 similia
409 2446 487 2528 sint,
519 2446 723 2530 saepissime
759 2446 900 2510 eandem
938 2446 1001 2510 iam
1032 2447 1121 2528 apud
1156 2447 1324 2512 Graecum
1362 2453 1496 2530 poetam

259 2552 505 2618 similitudinem
529 2551 700 2632 habuisse,
726 2556 759 2616 ut
775 2552 964 2616 accuratius
983 2552 1135 2617 Graecas
1153 2559 1344 2637 cognoscat
1361 2573 1498 2618 comoe-

259 2659 340 2740 dias,
364 2660 405 2723 ad
425 2658 606 2724 Lucianum
626 2658 943 2742 Alciphronemque,
967 2659 1093 2741 quippe
1111 2659 1166 2740 qui
1189 2659 1321 2724 fabulas
1339 2680 1447 2724 novae
1465 2665 1499 2724 ut

258 2755 348 2829 aiunt
366 2765 565 2830 comoediae
584 2766 814 2848 excerpserint
840 2770 873 2829 et
898 2765 1056 2829 nonnulla
1081 2766 1123 2830 de
1148 2765 1199 2829 his
1224 2767 1401 2849 opusculis
1426 2767 1498 2831 suis

259 2872 466 2953 inseruerint,
491 2872 638 2936 recurrit:
664 2889 774 2954 neque
800 2872 915 2956 negari
941 2877 1054 2954 potest
1078 2872 1161 2937 haec
1186 2873 1266 2937 mire
1292 2893 1367 2937 cum
1393 2872 1498 2938 Plauti

160 3046 167 3053 ,
256 2979 378 3043 fabulis
408 2983 440 3043 et
470 2979 554 3043 locis
584 2977 1000 3059 quibusdamvTruculenti
1030 2983 1063 3042 et
1092 2978 1267 3044 Asinariae
1297 2977 1499 3044 consentire.

259 3084 359 3166 Quos
385 3086 483 3149 locos
509 3085 592 3150 Leo
619 3082 788 3169 collegi12)
813 3089 913 3168 atque
939 3104 1013 3149 cum
1035 3085 1066 3148 in
1084 3083 1284 3150 Truculento
1304 3087 1380 3150 item
1398 3091 1498 3168 atque

259 3192 289 3255 in
309 3191 483 3256 Asinariae
508 3192 622 3257 scenis
649 3191 739 3256 l.2.3.
764 3190 914 3256 similiter
938 3191 1147 3256 meretricum
1173 3212 1287 3257 mores
1314 3193 1498 3278 depingan-

259 3303 318 3380 tur,
344 3318 468 3362 scenas
495 3299 512 3363 1.
524 3311 585 3364 2.3.
610 3286 784 3363 Asinariae
814 3298 845 3362 in
872 3297 1119 3362 similitudinem
1140 3298 1328 3364 Truculenti
1359 3319 1499 3383 compo-

260 3405 342 3469 sitas
379 3426 460 3469 esse
497 3404 679 3490 contendit,
724 3405 801 3469 lllud
837 3405 892 3468 vix
928 3405 1120 3489 negandum
1158 3410 1210 3469 est
1241 3406 1421 3471 Lucianum
1457 3426 1499 3470 ex

261 3511 402 3577 Graecis
421 3511 610 3576 comoediis
628 3510 785 3575 hausisse
804 3528 914 3593 neque
933 3510 1065 3575 difficile
1090 3515 1142 3575 est
1167 3516 1297 3593 praeter
1321 3532 1384 3576 eos
1410 3530 1498 3594 quos

259 3619 343 3683 Leo
381 3618 517 3703 collegit
546 3618 643 3682 locos
674 3617 769 3681 etiam
801 3617 887 3681 alios
918 3616 1120 3699 protrahere,
1152 3618 1206 3699 qui
1235 3638 1390 3703 magnam
1423 3639 1497 3684 curn

259 3725 412 3789 Asinaria
442 3743 521 3806 prae
551 3745 589 3788 se
614 3724 719 3788 ferant
744 3723 1001 3788 similitudinem.
1048 3723 1145 3788 Velut
1169 3725 1260 3806 quod
1287 3725 1317 3788 in
1343 3724 1497 3789 Asinaria

261 3831 395 3915 parasiti
429 3829 604 3915 symbolus
639 3830 751 3913 poscit
786 3831 816 3894 in
845 3829 977 3893 foribus
1008 3830 1103 3894 lenae
1133 3830 1268 3895 inscribi
1290 3832 1497 3898 meretricem

260 3942 457 4018 occupatam
481 3957 562 4001 esse
575 3936 626 4018 (cf.
643 3958 671 4001 v.
688 3934 754 4000 760
771 3937 803 4000 in
820 3933 957 4017 foribus
979 3935 1105 4001 scribut
1129 3941 1325 4020 occupatam
1350 3936 1499 4022 essese),

262 4043 410 4109 similiter
427 4044 524 4108 etiam
542 4044 630 4127 apud
646 4043 827 4108 Lucianum
844 4042 966 4110 dictum
985 4047 1052 4107 est:
1075 4035 1146 4126 μήτ’
1165 4038 1340 4108 ἀπέκλεισα
1357 4040 1500 4120 ἐλθόντα,

351 4304 374 4372 1)
394 4303 435 4355 Cf.
455 4317 525 4370 quae
544 4299 842 4353 Wilamowitzius
863 4300 1010 4368 disputavit
1029 4317 1092 4353 nov.
1112 4315 1174 4353 ann.
1187 4301 1205 4352 3
1219 4301 1307 4371 (1899)
1327 4317 1352 4369 ρ.
1366 4301 1418 4353 517
1438 4302 1499 4354 adn.

263 4375 292 4440 13
319 4391 379 4426 cum
407 4374 474 4426 Leo
495 4374 621 4444 (Hermes
644 4373 675 4424 18
701 4372 789 4443 (1883)
816 4389 840 4440 ρ.
860 4373 921 4436 5b3,
948 4372 990 4424 eui
1018 4373 1179 4440 astipulatus
1207 4378 1249 4424 est
1274 4373 1499 4425 ffuelfnerus

262 4448 287 4514 (l.
314 4463 336 4498 s.
364 4461 387 4497 s,
414 4463 439 4513 p.
461 4446 502 4514 11)
530 4444 695 4496 Pseudolum
723 4443 908 4496 aMenandro
929 4445 1111 4512 compositam
1142 4460 1206 4496 esse
1234 4445 1438 4496 contendisset:
1465 4445 1492 4495 cf

262 4515 341 4570 etiam
363 4517 393 4569 C.
414 4517 443 4569 Α.
463 4517 587 4568 Dielze
607 4517 659 4580 „de
680 4515 838 4567 Philemone
859 4515 986 4567 comico“
1007 4515 1081 4568 Gott.
1103 4516 1180 4579 1901,
1200 4533 1225 4584 p.
1244 4517 1287 4569 33.

350 4588 376 4659 2)
395 4588 436 4641 Cf.
456 4591 471 4641 l.
492 4604 514 4641 s,
535 4604 558 4641 s.
577 4603 603 4657 p.
625 4587 748 4658 134s135.
