3384 5342
773 494 999 560 „10-

265 697 375 762 neque
401 653 554 760 cuiquam
579 673 632 738 alii
657 664 784 738 mor'em
803 678 989 758 vgesturam
1019 691 1100 736 esse
1130 676 1341 737 convenerat.
1388 671 1506 738 Adlruc

208 824 212 832 «
267 804 403 868 semper
427 784 518 868 quod
545 801 619 846 cum
645 800 685 844 ea
710 780 779 864 egit
804 780 906 844 dedit:
932 778 970 844 cl.
994 800 1022 843 v.
1041 778 1124 842 ’17οῑ
1254 841 1260 858 ,

319 895 321 899 ’
425 903 516 971 Dedi
538 903 687 987 equidem
713 902 805 986 quod
825 919 961 968 mecum
975 901 1081 985 egisti.

356 1031 450 1095 Nunc
480 1034 591 1094 autem
624 1048 699 1093 cum
732 1047 799 1092 non
831 1028 895 1092 iam
927 1027 1056 1107 habeat
1086 1027 1177 1111 quod
1210 1028 1305 1092 lenae
1337 1028 1400 1107 det,
1425 1028 1507 1094 haec

267 1158 342 1203 cum
378 1138 445 1202 alio
480 1141 630 1202 amatore
667 1136 708 1200 de
742 1135 852 1218 puella
883 1138 998 1199 tractat
1028 1137 1128 1217 atque
1160 1133 1247 1198 hunc
1279 1135 1389 1218 ipsum
1420 1135 1507 1204 diem

267 1245 415 1310 ultimum
441 1264 522 1308 esse
548 1243 639 1324 dicit,
670 1217 740 1326 quo
765 1241 989 1326 Argyrippus,
1020 1241 1082 1304 nisi
1115 1241 1224 1306 statim
1256 1241 1372 1306 afferat
1395 1241 1508 1326 viginti

268 1352 385 1432 minas,
410 1350 583 1415 meretrice
607 1348 739 1413 fruatur.
777 1348 997 1432 Argyrippus,
1021 1348 1189 1430 quianon
1216 1351 1394 1430 suppetunt
1414 1347 1510 1422 dictis

268 1457 391 1540 dutu¹)‚
417 1462 543 1540 patrem
569 1457 660 1521 adire
685 1459 825 1520 coactus
856 1459 917 1535 est,
947 1455 1011 1539 qui,
1043 1459 1077 1519 ut
1108 1459 1160 1519 est
1191 1474 1312 1540 magna
1344 1455 1375 1519 in
1406 1455 1509 1526 tilium

268 1560 544 1646 peremerunt),
570 1584 609 1628 se
631 1563 660 1627 ei
683 1583 750 1627 non
777 1561 965 1627 defuturum
989 1582 1070 1626 esse
1091 1561 1273 1644 pollicetur.
1311 1561 1380 1627 Cur
1399 1567 1510 1632 autem
1550 1561 1558 1575 ‘

268 1671 357 1736 filius
381 1693 409 1738 v.
426 1671 492 1736 230
517 1671 639 1752 denuo,
664 1673 786 1754 quanta
812 1669 955 1752 pecunia
980 1668 1043 1733 sibi
1069 1688 1159 1752 opus
1184 1669 1235 1750 sit,
1267 1691 1285 1734 e
1310 1669 1385 1734 lena
1410 1690 1511 1754 quae-

271 1783 331 1860 rat,
367 1779 441 1843 luce
473 1777 594 1843 clarius
631 1777 679 1858 lit,
717 1777 745 1840 si
784 1776 960 1861 diligenter
990 1777 1020 1841 in
1054 1780 1261 1857 contextum,
1296 1796 1366 1861 quo
1397 1798 1437 1841 ea
1470 1778 1512 1844 de

272 1885 394 1970 quibus
426 1885 560 1969 agimus
590 1883 691 1949 verba
721 1883 799 1977 facit
830 1883 1050 1968 Argyrippus,
1084 1882 1288 1968 inquirimus
1337 1882 1512 1948 Cleaereta

272 1992 375 2074 enirn,
407 2011 482 2056 cum
509 1991 571 2055 sibi
602 2010 669 2055 non
701 2010 792 2071 esse,
824 1991 915 2074 quod
948 1991 1011 2070 det,
1040 1989 1188 2071 fateatur,
1220 1990 1282 2054 iam
1310 1976 1391 2054 'eum
1422 1989 1514 2059 abire

203 2123 205 2129 ⁸
273 2099 364 2164 iubet
394 2103 494 2183 atque
526 2099 600 2181 ipsa
630 2097 721 2162 abire
752 2097 827 2163 vult.
881 2096 962 2160 Tum
995 2101 1029 2162 ut
1060 2117 1133 2162 eam
1166 2097 1303 2162 retineat
1334 2096 1386 2178 (cl.
1409 2112 1514 2173 mune,

273 2197 377 2283 mune,
402 2204 506 2271 uudi.
526 2257 556 2270 ..
581 2227 609 2269 v.
633 2203 713 2270 229:
744 2225 818 2276 nam
845 2205 873 2268 si
900 2208 979 2287 post
1002 2202 1085 2268 lraec
1109 2204 1210 2269 verba
1232 2204 1347 2285 abiret,
1376 2204 1515 2269 omnino

260 2312 466 2398 ¹Argyrippo
489 2312 738 2394 desperandum
760 2311 867 2392 esset)
882 2311 1096 2391 adulescens,
1117 2311 1212 2395 quasi
1231 2331 1298 2376 non
1316 2312 1404 2375 adeo
1422 2313 1517 2375 esset

274 2419 470 2500 exhaustus,
495 2419 658 2502 pecuniae
683 2439 800 2483 rursus
826 2419 1030 2483 mentionem
1054 2418 1140 2482 facit.
1184 2418 1300 2503 Neque
1324 2418 1407 2483 lraec
1432 2437 1516 2500 spes

271 2546 352 2590 eum
377 2525 502 2591 fefellit:
530 2525 714 2606 Cleaereta,
740 2529 774 2590 ut
799 2529 852 2590 est
877 2525 1040 2609 pecuniae
1066 2525 1294 2607 cupidissima,
1320 2524 1380 2589 ubi
1396 2544 1516 2589 vocem

244 2703 247 2714 ¹
277 2633 441 2716 pecuniae
465 2633 597 2714 audivit,
622 2633 685 2696 iam
711 2632 837 2698 abitura
863 2651 1056 2697 sermonem
1082 2632 1224 2714 suscipit
1238 2631 1517 2718 Argyrippusque

278 2740 469 2804 dilationem
509 2740 669 2822 impetrat.
718 2737 753 2804 Si
785 2739 827 2814 ita
860 2759 928 2804 rem
961 2739 1178 2821 explicamus,
1216 2739 1303 2802 nulla
1333 2739 1364 2802 in
1394 2760 1434 2803 ea
1466 2743 1519 2802 est

278 2846 455 2911 difficultas
481 2867 591 2931 neque
609 2846 772 2910 lrabemus
792 2866 850 2911 cur
867 2866 1002 2931 gravem
1022 2850 1144 2928 poetae
1160 2845 1344 2910 tribuamus
1362 2864 1518 2911 errorem.

173 2977 175 2980 ·
279 3022 281 3028 ,
368 2953 545 3025 Accedunt
559 2953 622 3016 alia
638 2956 844 3037 argumenta,
870 2952 1029 3037 equibus
1054 2952 1242 3017 flavetus
1268 2972 1391 3017 scenas
1414 2952 1432 3015 l.
1449 2936 1474 3016 2'.
1492 2964 1519 3015 3.

277 3060 319 3124 ad
339 3059 517 3125 Diabolum
546 3060 710 3143 pertinere
736 3046 913 3124 concludit.
961 3058 1062 3140 Quod
1088 3059 1175 3123 enim
1193 3060 1397 3124 adulescens
1413 3080 1440 3123 v.
1458 3057 1520 3122 135

237 3153 239 3158 ¹
279 3187 318 3230 se
345 3167 530 3250 pecuniam,
556 3186 654 3250 quam
680 3167 776 3230 lenae
797 3164 957 3247 dedisset,
982 3167 1014 3231 in
1036 3166 1124 3231 muri
1142 3166 1172 3247 (i.
1190 3188 1217 3231 e.
1235 3165 1430 3247 mercatura)
1455 3164 1520 3235 sibi

280 3293 502 3357 comparasse
528 3273 622 3354 dieat,
647 3273 781 3342 minime
806 3273 847 3337 ad
866 3273 1100 3358 Argyrippum,
1125 3273 1251 3356 optime
1275 3274 1316 3336 ad
1337 3272 1519 3337 Diabolum

280 3380 444 3464 quadrare
480 3380 659 3444 contendit.
712 3379 901 3465 Nusquam
924 3380 1010 3444 enlm
1049 3380 1111 3444 dici
1148 3379 1372 3464 Argyrippum
1409 3379 1520 3462 ipsum

282 3487 457 3570 pecuniam
484 3487 547 3550 sibi
571 3486 707 3567 fecisse,
734 3492 870 3571 patrem,
897 3486 953 3551 filii
978 3487 1173 3566 adiutorem,
1206 3491 1238 3550 et
1262 3486 1372 3569 ipsum
1398 3486 1441 3550 nil
1465 3485 1521 3549 ha·

281 3594 370 3674 bere,
396 3597 533 3657 matrem
558 3593 628 3658 lere
654 3594 729 3658 nihil
753 3593 822 3658 filio
849 3589 969 3675 dare3).
1018 3593 1143 3658 Contra
1169 3613 1236 3658 non
1263 3612 1426 3657 essecur
1444 3591 1522 3656 Dia·

282 3699 396 3764 bolum
423 3698 450 3764 si
477 3718 543 3763 non
571 3704 713 3785 utroque
739 3705 876 3783 parente
902 3700 1064 3780 orbatum,
1088 3705 1120 3764 at
1145 3705 1233 3765 certe
1259 3700 1310 3762 sui
1337 3699 1416 3763 iuris
1441 3719 1523 3762 esse

283 3811 469 3871 statuamus
495 3827 605 3890 neque
631 3807 767 3871 dubium
796 3828 885 3888 esse,
921 3807 998 3890 quin
1025 3806 1192 3872 Diabolus
1224 3811 1390 3871 mercator
1418 3805 1523 3870 fuerit.

166 3951 169 3959 ·
284 3913 401 3997 Neque
425 3934 506 3978 vero
532 3914 609 3978 illud
635 3914 769 3979 silentio
801 3914 1128 3997 praetermittendum
1162 3934 1242 3979 esse
1274 3914 1382 3996 ipsam
1415 3912 1523 3977 lenam
1648 3906 1651 3912 ’

284 4020 509 4105 Argyrippum
538 4021 608 4086 fere
634 4019 718 4085 nilril'
736 4021 875 4086 dedisse
901 4017 1065 4103 (1111114).-
1097 4021 1257 4105 Equidem
1283 4024 1398 4084 contra
1424 4041 1525 4105 quae-

285 4147 353 4192 ram
380 4146 438 4190 cur
459 4127 683 4212 Argyrippum
709 4129 740 4192 in
766 4128 845 4192 mari
872 4149 940 4193 rem
965 4128 1158 4194 familiarem
1182 4127 1322 4193 auxisse
1346 4126 1525 4192 verisimile

287 4253 353 4298 non
387 4233 436 4299 sit.
489 4233 586 4298 Adde
618 4235 709 4319 quod
739 4236 991 4300 adulescentem
1025 4235 1100 4300 nihil
1130 4233 1200 4300 fere
1232 4235 1371 4299 dedisse
1401 4255 1420 4298 a
1452 4234 1525 4298 lena

376 4423 399 4492 n
416 4385 463 4476 cr.
480 4423 565 4476 151.

374 4495 399 4565 1)
419 4495 461 4548 cr.
480 4512 504 4548 v.
522 4496 637 4549 aa-or.

374 4567 400 4636 3)
420 4567 462 4620 Cf.
481 4584 505 4620 v.
525 4568 559 4619 78
647 4567 726 4622 illum
745 4569 839 4624 muter
858 4570 922 4623 urte
939 4570 1128 4636 contenteque
1146 4567 1241 4623 iubet.
1261 4527 1263 4535 Ι

375 4637 401 4710 4)
421 4638 462 4693 Cf.
482 4656 506 4692 v.
525 4639 578 4693 524
665 4639 736 4708 quid
753 4640 833 4695 dedit
852 4679 879 4694 ..
899 4658 923 4694 e.
943 4658 970 4709 q.
988 4657 1012 4694 s.
