3384 5342
630 430 917 502 '‘-21-

186 610 296 696 ltaque
322 609 377 696 qui
402 609 553 678 Plautum
579 612 741 678 interdum
775 611 1010 698 neglegentiae
1036 612 1210 678 cuiusdam
1236 596 1423 697 specimina

186 718 216 782 in
250 739 288 784 se
312 719 495 784 admisisse
524 718 610 783 baud
635 719 727 784 assis
757 719 850 800 facil,
880 719 934 783 vix
965 719 1088 801 exeis
1120 740 1206 804 quae
1238 720 1425 786 flavetus

184 825 288 890 attulit
324 826 530 912 argumentis
569 846 693 891 scenas
726 826 784 892 l2.
803 840 829 892 3.
878 805 1305 892 Diabolo'adscribe'ndas
1344 848 1426 892 esse
1503 904 1505 911 Ι

186 932 337 997 coniciet.
386 933 477 997 llaec
503 933 615 998 omnia
641 933 669 997 si
692 937 802 998 mente
827 933 929 1018 agito,
952 933 1064 997 facere
1089 953 1157 998 non
1177 953 1320 1017 possum
1347 934 1424 1018 quin

185 1038 332 1104 dubitem
366 1039 514 1104 Haveti
551 1039 776 1105 coniecturam
811 1059 920 1104 meam
956 1039 1077 1104 facere.
1135 1039 1311 1105 Accedunt
1341 1040 1425 1106 aliae

184 1145 456 1227 deliberationes,
481 1131 604 1230 quibus
622 1147 673 1228 illa
699 1146 864 1211 sententia
887 1133 1040 1211 valde'in
1066 1146 1299 1229 suspicionem
1324 1167 1425 1212 voca·

183 1256 243 1317 tur.
274 1289 318 1298 —
349 1250 494 1317 Primum
527 1253 613 1317 enim
651 1252 759 1335 ipsam
792 1252 993 1316 comoediae
1030 1251 1315 1335 compositionem
1349 1272 1424 1317 curn

185 1357 332 1424 flaveti
358 1359 552 1424 coniectura
576 1335 739 1444 quadrare
757 1378 858 1444 nego.
906 1355 987 1422 llam
1014 1379 1113 1443 quam
1139 1359 1290 1442 pessime
1313 1358 1425 1424 fabula

183 1467 376 1550 composita
402 1470 510 1546 esset,
543 1466 664 1530 sinon
692 1485 794 1545 unuS,
826 1466 887 1529 sed
914 1464 982 1528 duo
1012 1465 1269 1530 lamentarentur
1292 1464 1429 1532 adulesa

183 1576 318 1652 centeS,
349 1572 440 1656 quod
474 1591 541 1636 non
573 1571 748 1652 haberent,
779 1571 871 1654 quod
903 1590 963 1653 pro
994 1571 1101 1635 amica
1133 1571 1263 1636 darent!
1316 1569 1425 1654 Quam

182 1677 285 1743 stulte
299 1671 470 1762 praeterea
497 1677 672 1742 Cleaereta
685 1681 809 1762 ageret,
835 1677 863 1741 si
883 1681 1058 1760 utrumque
1082 1681 1266 1742 amatorem
1285 1699 1304 1743 e
1322 1678 1426 1744 domo

182 1785 316 1866 eiceret,
332 1788 525 1877 antequam
553 1803 613 1868 pro
640 1788 732 1848 certo
757 1783 894 1848 baberet
917 1783 959 1848 ab
984 1783 1089 1849 altero
1115 1782 1266 1868 denique
1285 1785 1425 1868 pretium

182 1890 391 1973 sibidan1).
450 1890 628 1956 Praeterea
652 1892 693 1955 ad
720 1911 796 1957 eum
836 1909 935 1974 quem
966 1890 1154 1955 flavetus
1185 1892 1288 1956 voluit
1317 1911 1425 1956 rerum
1525 1880 1527 1882 ’

182 2002 307 2063 statum
326 1998 460 2062 minime
475 1998 638 2083 quadrare
652 1997 727 2063 milri
744 1997 878 2082 quidem
894 1997 1023 2062 videtur
1033 1997 1124 2082 quod
1139 1997 1349 2083 Argyrippus
1363 1998 1426 2062 iarn

182 2109 253 2169 tum
284 2105 375 2170 omni
407 2124 470 2188 spe
503 2105 655 2170 deiectus
687 2107 748 2184 est,
780 2124 855 2168 cum
887 2103 977 2168 audit
1011 2102 1201 2185 Diabolum,
1231 2104 1287 2188 qui
1324 2105 1428 2168 modo

180 2211 239 2276 vix
270 2211 428 2296 habebat,
460 2212 550 2294 quod
577 2211 694 2298 daret,
716 2196 893 2293 pecuniam
924 2210 1074 2275 daturum
1100 2230 1181 2274 esse
1213 2207 1427 2291 dixisset).

182 2318 289 2382 lmrno
304 2337 378 2382 cum
394 2317 603 2402 Argyrippus
619 2317 727 2381 statim
742 2317 783 2380 de
802 2317 875 2380 suis
889 2316 991 2381 rebus
1009 2316 1176 2399 desperet,
1193 2315 1270 2380 inde
1287 2317 1428 2383 demon·

182 2425 279 2490 strari
305 2425 380 2490 mihi
407 2424 540 2508 quidem
565 2423 695 2489 videtur
716 2421 897 2488 Diabolum
923 2422 1155 2487 divitissimum
1181 2443 1271 2488 esse.
1330 2421 1428 2488 Adde

181 2530 276 2616 quod
303 2531 483 2598 Diabolum
516 2531 683 2614 parasitus
708 2530 873 2614 sequitur,
905 2548 1020 2614 quem,
1052 2529 1080 2593 si
1106 2529 1158 2594 ille
1187 2529 1301 2612 inopia
1326 2549 1427 2612 pecu-

181 2638 259 2703 niae
285 2642 497 2721 premeretur,
523 2657 589 2702 non
615 2639 704 2702 adeo
729 2636 869 2701 domino
894 2635 1074 2700 consulere
1098 2657 1117 2700 e
1142 2656 1177 2716 re
1202 2640 1263 2701 est.

274 2744 321 2808 Ex
338 2745 388 2808 eis
404 2745 503 2828 igitur
517 2764 603 2828 quae
620 2744 796 2826 hucusque
814 2743 979 2834 disputavi
997 2743 1106 2807 elucet
1123 2762 1209 2824 eum,
1224 2742 1280 2827 qui
1302 2762 1426 2807 scenas
1529 2828 1531 2833 Ι
1578 2822 1581 2827 ⁴
1636 2798 1638 2801 ,

183 2852 281 2918 l.2.3.
329 2850 475 2917 Diabolo
500 2850 673 2932 adscribit,
705 2869 909 2935 permagnas
939 2867 1055 2914 creare
1084 2835 1304 2915 difficultates.
1353 2848 1426 2913 flue
1513 2852 1520 2871 ‘

181 2958 313 3023 accedit
338 2959 428 3043 quod
455 2958 485 3022 in
511 2958 562 3023 his
587 2937 808 3040 ipsis'scenis
834 2956 1163 3040 inveniuntur,quae
1189 2950 1323 3021 minime
1348 2975 1423 3020 curn

176 3064 319 3132 Diaboli
337 3065 489 3129 moribus
506 3084 545 3128 ac
560 3069 674 3129 natura
692 3067 888 3148 congruant.
925 3063 1075 3147 Exempli
1092 3063 1197 3148 gratia
1211 3063 1427 3143 adulescens,

182 3173 240 3256 qui
253 3194 281 3237 v.
294 3171 359 3236 205
376 3192 449 3256 sqq.
467 3191 565 3255 quam
582 3171 721 3236 feliciter
737 3174 812 3234 cum
832 3168 1004 3235 Philaenio
1021 3169 1137 3234 vixerit
1160 3173 1225 3233 tam
1251 3169 1375 3233 diserte
1393 3173 1427 3232 et
1494 3198 1496 3203 ·

182 3280 383 3363 eloquenter
407 3278 579 3359 describit,
612 3297 678 3342 non
705 3277 792 3342 idern
825 3263 907 3340 esse
933 3277 1009 3342 milri
1034 3275 1168 3360 quidem
1193 3274 1337 3356 videtur,
1368 3275 1425 3358 qui

184 3390 306 3470 postea
331 3385 527 3450 mercatoris
553 3384 672 3450 callido
694 3403 787 3448 more
813 3383 906 3447 sicce
931 3383 973 3447 de
998 3382 1212 3447 conficiendo
1231 3380 1426 3467 syngrapho

183 3513 260 3558 curn
280 3493 426 3576 parasito
449 3492 526 3576 agit.
574 3491 676 3556 Etiam
701 3490 802 3555 verba
826 3490 943 3566 interii,
966 3489 1084 3554 sinon
1108 3488 1236 3553 invenio
1260 3505 1324 3571 ego
1348 3488 1427 3554 illas

182 3599 304 3682 viginti
331 3599 439 3664 minus
471 3619 497 3663 e.
515 3618 544 3682 q.
560 3610 588 3662 s.
621 3599 659 3680 (v.
676 3597 741 3662 243
759 3596 844 3682 sqq.)
876 3596 961 3661 male
992 3597 1033 3660 ad
1067 3594 1264 3675 Diabolum,
1300 3594 1426 3678 optime

182 3711 294 3771 autem
312 3707 353 3770 ad
372 3705 596 3790 Argyrippum
623 3706 793 3789 quadrant,
819 3691 944 3789 quippe
969 3703 1024 3788 qui
1047 3702 1134 3768 adeo
1159 3721 1276 3778 amore
1294 3701 1425 3785 puellae

182 3817 303 3897 captus
335 3813 385 3894 sit,
422 3816 463 3892 ut,
496 3832 570 3876 cum
604 3816 725 3894 postea
757 3811 848 3876 omni
885 3831 948 3894 spe
984 3810 1107 3874 diutius
1144 3829 1219 3873 cum
1253 3805 1425 3873 Philaenio

180 3919 313 3985 vivendi
339 3919 491 3984 deiectus
516 3919 567 3999 sit,
591 3940 610 3982 a
634 3918 698 3982 vita
723 3938 762 3982 se
787 3918 885 4001 plane
909 3911 1120 3997 abiudicet3).
1141 3915 1320 3998 -Neque
1344 3933 1425 3979 vero

275 4108 297 4176 1)
323 4107 385 4159 Mea
411 4107 519 4176 quidem
547 4105 684 4158 sententia
710 4105 755 4172 qui
784 4105 837 4168 1,2
865 4105 890 4155 in
911 4120 1022 4156 scenam
1045 4102 1141 4225 prodit
1160 4104 1334 4165 adulescens
1362 4117 1423 4153 curn

180 4196 205 4231 v.
226 4178 279 4230 248
298 4180 331 4230 ad
350 4179 438 4230 forum
459 4181 547 4242 abeat,
571 4194 624 4228 non
646 4176 681 4229 ita
701 4192 825 4243 magnam
847 4173 979 4244 pecuniae
1000 4175 1025 4226 in
1056 4191 1107 4226 oro
1127 4173 1322 4241 adipiscendae
1344 4189 1422 4239 spem

285 4267 300 4301 e
319 4251 329 4301 f
373 4290 380 4303 .

181 4266 248 4319 prae
269 4266 296 4408 S2)
317 4254 430 4391 Cetitbbt
449 4378 476 4391 ..
496 4350 570 4405 quus
589 4335 674 4390 hodie
693 4335 863 4389 adulescens
882 4333 1026 4388 Diabolus
1045 4333 1105 4401 ipsi
1122 4333 1245 4387 daturus
1263 4332 1345 4387 dixit.

272 4427 297 4495 3)
318 4426 359 4479 cf.
378 4426 474 4479 uuor>
492 4424 581 4491 „bene
599 4424 679 4479 vale:
697 4423 779 4489 apud
796 4422 901 4478 Orcum
922 4423 949 4476 te
967 4420 1087 4476 videbor
1106 4438 1129 4474 s.
1143 4439 1169 4491 q.
1187 4437 1211 4473 s.
1249 4420 1307 4473 Non
1328 4420 1422 4473 dubito

181 4496 247 4566 quin
269 4498 314 4565 qui
334 4514 358 4550 v.
377 4498 430 4550 bOb
456 4503 482 4549 et
508 4514 532 4549 v.
551 4497 603 4548 243
624 4499 763 4563 comparat
790 4510 914 4562 magnam
939 4493 1060 4546 veritatis
1087 4493 1210 4561 speciem
1231 4492 1423 4546 habere‘con·

181 4570 263 4622 cedat
284 4573 426 4639 utrumque
445 4585 554 4623 versum
575 4570 608 4621 ad
629 4568 744 4619 eundem
765 4568 968 4622 adulescentem
992 4564 1139 4633 pertinere.
1181 4632 1185 4638 Ι
