3384 5342
771 448 994 549 742„

260 629 341 692 Nam
375 624 607 707 praeterquam
638 621 729 706 quod
763 623 959 714 Pseudolus
990 624 1078 688 sicut
1102 613 1249 713 Libanus
1283 641 1424 709 peregre
1448 627 1507 689 ad·

260 735 448 799 venientem
480 751 697 796 commovere
728 732 849 812 studet,
883 735 917 794 ut
948 747 1047 812 quam
1079 731 1254 811 pecuniam
1281 751 1398 795 secum
1423 732 1507 797 ierat

259 841 322 906 sibi
358 840 471 918 tradat,
510 839 612 922 longe
648 837 741 903 aliter
776 837 806 901 in
845 841 984 917 utraque
1019 836 1131 901 tabula
1167 858 1222 902 res
1257 844 1409 922 aguntur.
1470 839 1503 903 ln

262 946 415 1012 Asinaria
433 945 519 1009 enim
539 944 629 1024 dolo,
653 961 753 1028 quem
773 963 893 1007 servus
912 942 1052 1007 callidus
1071 944 1202 1025 invenit,
1228 944 1279 1008 usi
1297 944 1445 1009 Libanus
1471 950 1504 1010 et

263 1053 413 1119 Leonida
446 1051 568 1114 amanti
603 1050 671 1114 erili
706 1049 776 1114 lilio
809 1049 984 1129 pecuniam
1019 1054 1226 1130 comparant:
1263 1051 1294 1114 in
1327 1047 1505 1115 Pseudolo

259 1165 369 1224 autem
395 1157 520 1237 statim,
552 1176 626 1220 cum
654 1157 787 1236 Harpax
812 1156 865 1220 illa
888 1156 1005 1220 fraude
1037 1156 1145 1248 decipi
1171 1176 1238 1219 non
1266 1157 1384 1236 possit,
1413 1158 1502 1222 aliud

221 1343 226 1352 ,.
259 1265 446 1342 consilium,
471 1281 539 1344 quo
566 1263 642 1326 leno
676 1262 867 1342 decipiatur,
892 1262 1109 1346 excogitatur.
1158 1249 1335 1327 Praeterea
1359 1265 1400 1328 ad
1427 1285 1504 1328 eurn

260 1373 316 1454 qui
348 1371 378 1435 in
411 1370 563 1434 Asinaria
596 1368 794 1446 describitur
825 1388 933 1432 rerum
966 1373 1087 1432 statum
1126 1369 1213 1434 servi
1248 1369 1341 1433 iraus
1377 1371 1504 1449 optime

260 1477 425 1557 convenit,
450 1477 480 1540 in
500 1474 674 1540 Pseudolo
699 1479 809 1539 autem
831 1475 901 1539 lere
927 1475 1048 1539 nullius
1074 1476 1234 1540 momenti
1260 1481 1321 1539 est.
1356 1475 1505 1540 Maxime

262 1589 388 1664 autem,
414 1587 447 1646 ut
472 1583 512 1646 de
539 1581 697 1646 Leonis
728 1580 921 1645 coniectura
944 1581 1041 1645 valde
1073 1581 1273 1661 dubitarem,
1298 1601 1351 1644 me
1376 1581 1504 1662 impulit

262 1690 345 1754 haec
370 1688 612 1752 consideratio:
637 1707 712 1752 mea
737 1687 825 1751 enirn
851 1687 1017 1751 sententia
1042 1687 1070 1751 si
1096 1688 1172 1768 quis
1198 1692 1298 1767 poeta
1324 1707 1366 1752 ex
1383 1688 1504 1753 nescio

260 1797 356 1860 cuius
375 1800 495 1876 poetae
515 1794 627 1858 tabula
649 1794 757 1873 sumit,
783 1786 1028 1874 quae‘labulae
1052 1814 1135 1857 suae
1160 1794 1309 1858 inserere
1325 1794 1401 1873 vult,
1426 1814 1503 1858 eum

260 1892 347 1984 quae
372 1899 584 1986 singulariter
608 1905 639 1964 et
664 1900 789 1980 optime
815 1899 1006 1984 excogitata
1037 1899 1190 1964 videntur
1214 1920 1294 1964 esse
1320 1900 1503 1964 electurum

260 2012 526 2073 consentaneum
546 2011 606 2072 est.
654 2005 721 2070 Sed
741 2005 816 2086 quis
835 2006 922 2070 dic‘at
940 2004 1102 2071 Pseudoli
1119 2005 1269 2096 fraudem
1288 2005 1503 2090 ingeniosam

259 2115 356 2180 esse!
404 2113 520 2194 Neque
545 2113 631 2178 enirn
662 2113 705 2177 ita
729 2131 855 2196 magno
881 2112 1018 2197 ingenio
1044 2129 1133 2192 opus
1159 2132 1240 2176 esse
1266 2112 1342 2176 mibi
1367 2113 1503 2193 quidem

258 2221 387 2286 videtur
421 2221 462 2284 ad
496 2219 759 2284 defraudandum
792 2218 1035 2298 advenientem,
1072 2219 1127 2300 qui
1168 2219 1290 2282 nullum
1332 2218 1503 2282 hominem

191 2383 192 2386 ,
261 2328 365 2409 novit,
390 2348 429 2391 ea
453 2327 583 2408 fraude,
609 2331 642 2391 ut
666 2347 705 2389 se
731 2326 819 2389 illum
846 2326 898 2389 cui
924 2331 1098 2409 argentum
1125 2325 1321 2389 tradendum
1348 2324 1390 2388 sit
1421 2344 1503 2388 esse

260 2434 354 2498 dicat.
402 2433 503 2513 ldque
529 2433 602 2512 ipse
629 2431 767 2496 Plautus
793 2431 939 2496 indicare
960 2432 1098 2511 videtur,
1123 2451 1197 2495 curn
1225 2409 1434 2495 Pseudolum
1460 2430 1503 2494 ita
1568 2466 1573 2476 ι

264 2540 428 2604 dicentem
452 2539 565 2603 laciat:

417 2679 515 2744 Novo
533 2679 671 2744 consilio
695 2695 780 2743 nunc
804 2678 886 2742 milri
908 2694 991 2759 opus
1016 2681 1082 2743 est:
1104 2695 1192 2742 novo
1217 2694 1268 2741 res
1292 2677 1374 2742 boec
1389 2676 1502 2742 subito

472 2787 519 2849 ml
541 2785 712 2851 obiectast.

417 2891 491 2957 Hoc
510 2894 717 2974 praevortar
733 2891 916 2972 principio:
938 2891 999 2955 illu
1023 2891 1135 2955 omniu
1158 2890 1262 2954 misso
1285 2889 1393 2954 babeo
1418 2906 1506 2970 quoe

473 3002 550 3063 unte
574 3015 675 3080 ogere
699 2997 818 3079 occepi.

350 3140 466 3220 Neque
490 3140 583 3207 aliter
602 3140 642 3203 de
665 3138 879 3203 similitudine
902 3139 985 3202 inter
998 3136 1185 3202 Asinariam
1208 3142 1241 3201 et
1258 3136 1504 3201 llrlenaeclrmos

261 3247 472 3312 iudicandum
495 3249 555 3326 est,
574 3265 648 3308 cum
667 3245 698 3309 in
717 3243 871 3308 Asinaria
889 3245 931 3308 de
949 3244 1033 3323 palla
1052 3244 1114 3308 nisi
1138 3249 1170 3308 ut
1189 3244 1386 3307 ostendatur
1404 3259 1503 3324 quem

260 3354 456 3420 admodum
477 3351 709 3416 Demaenetus
731 3371 846 3415 amore
870 3335 1048 3430 sit'captus
1070 3369 1185 3414 sermo
1203 3350 1253 3429 sit,
1275 3349 1306 3412 in
1325 3347 1505 3412 ltlenaech-

261 3461 325 3524 mis
342 3463 451 3524 autem
478 3459 568 3539 qnod
588 3458 832 3522 Menaechmus
854 3457 969 3521 uxoris
986 3456 1113 3536 pallam
1132 3456 1289 3537 surripuit
1312 3455 1353 3518 ad
1371 3454 1504 3518 tabulae

260 3571 411 3630 tenorem
438 3564 541 3629 multo
571 3564 707 3628 maioris
733 3563 894 3628 momenti
924 3566 984 3626 est.
1010 3561 1119 3643 Quam
1151 3561 1272 3625 nullius
1302 3561 1354 3624 vel
1380 3560 1505 3624 minimi

261 3673 344 3737 lraec
362 3670 496 3753 quidem
516 3690 570 3734 res
589 3671 631 3734 sit
648 3670 818 3750 ponderis
840 3668 996 3748 perfacile
1015 3687 1223 3752 cognosceS,
1241 3668 1269 3731 si
1287 3667 1405 3731 horum
1422 3653 1505 3731 tem·

263 3795 380 3858 porum
399 3777 598 3840 comoedias
617 3771 700 3839 inter
724 3795 763 3838 se
785 3774 1043 3853 comparaveris,
1090 3773 1189 3838 Velut
1206 3773 1334 3838 centies
1353 3773 1505 3837 invenies

207 3891 212 3903 '
263 3904 322 3967 per
335 3883 511 3963 epistolam
527 3901 608 3946 casu
623 3877 782 3946 amissam
798 3900 934 3944 omnem
949 3900 1018 3943 rem
1034 3881 1140 3959 palam
1153 3880 1233 3944 lieri.
1266 3879 1334 3946 Sed
1349 3879 1425 3961 quis
1439 3879 1505 3943 hoc

263 4011 305 4054 ex
336 3981 535 4074 argumento
569 3992 688 4068 poetas
723 4007 803 4050 sese
840 3986 985 4050 imitatos
1015 4007 1095 4051 esse
1128 3985 1331 4050 concludat?
1387 3984 1504 4064 Neque

262 4097 359 4161 etiam
379 4096 409 4158 in
436 4117 475 4158 ea
489 4115 524 4158 re
542 4114 664 4180 magna
689 4093 871 4159 similitudo
889 4097 951 4173 est,
975 4094 1066 4173 quod
1086 4093 1180 4157 uxori
1204 4092 1328 4176 llagitia
1346 4091 1505 4176 coniugis

257 4203 503 4268 denuntiantur.
553 4201 633 4265 Nam
660 4200 820 4280 imprimis
845 4200 922 4264 illud
949 4187 1169 4279 reputandum
1189 4203 1249 4278 est,
1274 4215 1349 4262 cum
1374 4201 1506 4276 tempo-

262 4309 354 4372 ribus
380 4328 488 4372 novae
514 4313 548 4371 ut
571 4308 661 4372 aiunt
687 4306 888 4370 comoediae
912 4309 960 4370 tot
972 4305 992 4385 ¹)
1016 4305 1149 4369 tabulae
1167 4321 1254 4384 quae
1272 4304 1504 4384 saepesimile

349 4498 376 4619 tl)
391 4495 589 4618 ιςὶιῒίνᾱεηειηάτο,
609 4494 775 4557 Philemone,
794 4492 905 4561 Diphilo
919 4497 1057 4544 trecentas
1076 4492 1133 4543 lere
1154 4491 1316 4543 comoedias
1331 4491 1505 4558 compositas

263 4584 329 4620 esse
361 4583 390 4619 ra
410 4583 469 4619 rur.
