3384 5342
780 432 1002 499 ..12-

271 613 504 692 statueremus,
523 610 610 675 unde
628 609 847 696 Argyrippus,
872 611 927 696 qul
952 615 1048 676 antea
1066 611 1205 677 omnino
1230 611 1363 678 nescire
1380 593 1511 678 videtur

271 716 334 782 sibi
359 719 525 782 aemulum
551 738 641 799 esse,
665 740 693 783 v.
710 718 769 783 bil
793 738 866 803 sqq.
887 718 996 802 ipsum
1023 738 1146 783 nomen
1172 719 1293 784 aemuli
1318 719 1403 801 sui¹l
1423 719 1509 786 Dia·

86 836 89 845 ·
163 879 166 895 ‚
271 824 454 909 bolumque
491 824 555 889 hoc
585 825 662 907 ipso
693 825 745 890 die
775 825 825 908 (cl.
849 846 878 890 v.
902 821 1230 906 634...}r0dr·e...)
1254 827 1369 912 viginti
1401 827 1509 893 minas

271 932 421 996 daturum
466 951 546 1027 esse
592 951 702 1016 neque
738 937 848 997 tamen
886 933 982 997 etiam
1030 932 1169 997 dedisse
1205 933 1244 1015 (v.
1273 931 1350 1015 038)
1386 934 1508 1001 sciret?

200 1118 202 1123 Ι
272 1035 338 1119 Qui
363 1030 535 1121 praeterea
559 1059 587 1103 v.
609 1037 687 1105 594:

428 1161 543 1227 Mater
563 1178 751 1244 supremum
774 1161 856 1228 milri
877 1165 936 1229 tua
959 1161 1052 1244 dixit,
1075 1161 1208 1229 domum
1232 1155 1280 1228 ire
1302 1163 1399 1229 iussit
1425 1175 1428 1179 ’

184 1269 187 1286 ”
271 1286 311 1349 ad
343 1283 444 1350 linem
477 1286 577 1369 primi·
602 1290 698 1353 actus
733 1288 917 1370 quadraret,
953 1288 1016 1352 nisi
1046 1287 1265 1372 Argyrippus
1301 1307 1376 1353 cum
1413 1287 1508 1354 lenae

271 1393 481 1458 ostendisset
506 1413 544 1458 se
569 1393 599 1458 in
629 1393 705 1458 loro
732 1394 908 1477 pecuniam
938 1394 1000 1458 sibi
1030 1413 1225 1477 comparare
1256 1415 1322 1459 non
1354 1395 1509 1478 potuisse

271 1499 402 1584 sibique
422 1519 509 1564 nunc
528 1501 666 1564 omnino
681 1501 931 1585 desperandum
945 1521 1036 1580 esse,
1050 1502 1186 1566 domum
1201 1502 1247 1566 ire
1261 1496 1378 1566 iussus
1392 1501 1509 1566 esset?
1549 1579 1552 1582 ,

361 1605 457 1687 Quae
479 1625 553 1671 cum
575 1607 715 1687 itasint,
738 1607 811 1671 luce
829 1606 949 1671 clarius
967 1627 1047 1670 esse
1065 1607 1142 1671 mibi
1158 1607 1384 1690 videturpost
1399 1629 1426 1672 v.
1443 1608 1509 1674 544

271 1713 422 1777 lacunam
452 1733 532 1778 esse
558 1717 657 1796 atque
687 1714 770 1778 inter
801 1712 882 1779 lll.1.
906 1717 938 1777 et
963 1712 1042 1779 lll.3.
1068 1715 1175 1778 lenam
1208 1734 1282 1778 cum
1309 1714 1508 1800 Argyripp0,

179 1854 181 1860 ·
273 1822 306 1883 ut
330 1819 394 1883 sub
418 1820 485 1884 line
511 1819 591 1886 lll.1.
609 1821 665 1885 'eis
692 1821 746 1904 qui
771 1825 913 1885 aetatem
939 1839 1006 1884 non
1032 1820 1174 1886 tulerunt
1193 1821 1349 1886 versibus
1374 1822 1509 1903 dixerat

270 1926 470 1990 collocutam
489 1947 578 1991 esse.
619 1925 747 2008 Restat,
773 1932 806 1992 ut
823 1947 1024 2014 quaeramus
1043 1933 1149 1992 utrum
1170 1928 1234 1992 hoc
1249 1948 1385 2013 quoque
1403 1928 1507 1994 collo-

270 2032 383 2115 quium
409 2033 520 2116 ipsum
545 2030 745 2099 interciderit
776 2055 816 2098 an
851 2038 951 2118 poeta
983 2035 1065 2098 satis
1098 2034 1299 2110 duxeritita
1331 2055 1399 2100 rem
1426 2050 1507 2100 sese

270 2137 430 2204 habuisse
444 2140 494 2204 eis
509 2160 595 2224 quae
613 2142 717 2205 modo
735 2141 960 2224 exposuimus
978 2141 1107 2206 indiciis
1125 2141 1366 2206 demonstrare.
1403 2136 1505 2224 Quod

220 2255 228 2270 ⁴
269 2245 310 2308 ad
337 2245 420 2309 hanc
446 2230 680 2330 quaestionem
707 2252 851 2331 spectat,
880 2248 944 2313 tale
970 2233 1174 2330 colloquium
1200 2267 1380 2332 numquam
1406 2249 1507 2312 exsti-

269 2352 353 2416 tisse
385 2357 483 2436 puto:
516 2373 590 2418 nam
621 2354 649 2421 si
669 2354 876 2435 exstitisset,
907 2354 1106 2418 certehaud
1133 2355 1175 2418 ita
1201 2354 1362 2419 dissimile
1385 2355 1507 2420 luisset

269 2459 383 2523 tertiae
415 2459 509 2542 primi
540 2464 636 2524 actus
671 2480 805 2525 scenae.
859 2459 1037 2525 Praeterea
1071 2461 1100 2524 si
1131 2464 1253 2542 postea
1285 2465 1507 2543 spectatores,

271 2565 348 2649 quid
373 2565 495 2640 lactum
521 2566 577 2647 sit,
610 2567 835 2649 comperiunt,
861 2587 927 2631 non
954 2571 1021 2648 est,
1046 2567 1210 2631 cur'haec
1235 2586 1349 2638 coram
1374 2573 1507 2652 specta·
1532 2643 1537 2648 ⁷

269 2672 399 2737 toribus
423 2673 494 2737 lieri
520 2692 714 2757 poscamus.
773 2754 775 2757 .
1142 2756 1145 2769 Ι

310 2791 321 2804 ·’
359 2778 422 2844 lam
442 2780 643 2863 quaesiverit
660 2780 835 2864 quispiam,
854 2781 1029 2864 quomodo
1046 2781 1168 2844 lactum
1187 2781 1238 2860 sit,
1257 2786 1290 2844 ut
1307 2786 1387 2863 post
1401 2803 1428 2846 v.
1442 2782 1507 2846 544

270 2887 418 2951 nonnulli
431 2906 552 2951 versus
571 2887 817 2952 interciderent:
836 2887 960 2970 quade
979 2906 1012 2951 re
1033 2887 1119 2951 baud
1138 2888 1211 2951 scio
1228 2909 1270 2951 an
1289 2907 1355 2952 non
1375 2887 1506 2953 dillicile

269 2993 311 3057 sit
342 2993 568 3064 coniecturam
599 2988 813 3059 verisimilem
847 2993 1005 3077 prolerre.
1053 2991 1139 3058 Cum
1166 2995 1252 3059 enim
1279 2994 1430 3066 librarius
1454 2996 1506 3061 vel

269 3104 462 3165 retractator
486 3106 566 3184 post
597 3100 677 3167 llll.
709 3101 913 3191 colloquium
947 3101 1041 3164 lenae
1071 3105 1106 3164 et
1130 3100 1307 3185 Argyrippi
1340 3122 1506 3186 nusquam

269 3211 400 3270 exstare
419 3207 634 3291 intellegeret,
659 3208 816 3291 perfacile
833 3207 904 3272 lieri
922 3207 1038 3290 potuit,
1059 3211 1093 3271 ut
1113 3207 1210 3272 etiam
1228 3227 1358 3287 versus,
1383 3208 1506 3292 quibus

268 3313 347 3378 illud
378 3314 582 3398 colloquium
612 3314 818 3396 indicaretur,
844 3314 983 3378 omnino
1008 3314 1182 3379 omitteret.
1230 3313 1297 3379 Sed
1323 3313 1406 3378 baec
1431 3314 1506 3378 hac·

268 3425 375 3485 tenus,
424 3420 535 3504 ltaque
559 3421 657 3486 alium
684 3440 821 3505 quoque
847 3422 956 3503 locum
983 3420 1180 3501 invenimus,
1206 3420 1260 3486 ubi
1286 3421 1327 3485 de
1351 3420 1507 3501 Diabolo,

269 3526 458 3612 Argyrippi
477 3529 626 3609 aemulO,
653 3548 772 3592 sermo
803 3528 877 3608 luit,
909 3547 1019 3612 neque
1051 3547 1132 3592 esse
1164 3547 1308 3609 censeo,
1343 3547 1401 3602 cur
1430 3531 1507 3591 ante

269 3638 419 3717 quartum
451 3640 560 3699 actum
590 3635 700 3718 ipsum
728 3618 907 3700 Diabolum
933 3635 964 3698 in
991 3653 1127 3699 scenam
1154 3635 1287 3718 prodire
1313 3654 1507 3718 poscamus.

270 3738 371 3820 Quod
390 3741 535 3825 denique
553 3742 593 3805 ad
612 3741 838 3825 syngraphum
857 3741 979 3822 attinet,
1007 3741 1083 3825 quis
1101 3746 1153 3806 est
1170 3743 1247 3826 quin
1266 3761 1404 3806 scenam
1423 3740 1471 3806 lV.
1484 3755 1508 3806 1.

269 3847 429 3929 imprimis
462 3852 495 3912 ut
526 3852 738 3932 spectatores
769 3844 1045 3930 delectarentur2)
1070 3849 1294 3932 compositam
1320 3869 1401 3913 esse
1427 3868 1507 3912 con-

269 3952 389 4018 cedat?
437 3953 577 4019 Accedit
601 3954 692 4039 quod
718 3955 825 4018 lenam
852 3954 949 4019 etiam
976 3975 1050 4019 cum
1075 3954 1221 4022 Diabolo
1247 3956 1288 4020 de
1313 3955 1507 4043 syngrapho

268 4121 472 4129 ——.--›----.

360 4212 382 4281 l)
412 4211 470 4263 Non
500 4216 574 4264 recta
602 4227 672 4280 quae
692 4211 940 4278 langrehrius
970 4214 985 4264 l.
1010 4227 1034 4263 s.
1053 4227 1076 4263 s.
1097 4228 1123 4278 p.
1142 4212 1158 4263 b
1178 4211 1263 4263 attulit
1282 4211 1379 4264 aemuli
1407 4228 1506 4264 nomen

267 4281 445 4350 Argyrippum
466 4300 498 4335 ex
519 4283 658 4336 Philaenio
679 4283 827 4346 audivisse,
853 4283 935 4334 immo
955 4299 1010 4350 quo
1031 4283 1119 4350 magis
1142 4285 1222 4334 dolor
1241 4284 1411 4335 adulescenti
1432 4299 1507 4334 exar-

268 4356 372 4417 descat,
393 4354 535 4408 Cleaereta
555 4357 689 4407 aemulum
710 4341 831 4422 eumque⁴
848 4354 1039 4407 divitissimum
1059 4353 1110 4405 iam
1132 4357 1232 4406 adesse
1247 4354 1272 4406 ei
1293 4353 1367 4406 dicit.
1520 4351 1524 4357 ’

360 4425 384 4494 2)
404 4427 479 4480 Adde
499 4428 582 4494 quod,
602 4442 664 4478 cum
679 4427 813 4479 Diabolus
834 4425 858 4476 in
880 4442 990 4478 scenam
1011 4427 1134 4492 prodeat,
1154 4429 1327 4492 spectatores
1347 4426 1398 4478 iam
1418 4425 1509 4478 sciunt

270 4497 448 4566 Argyrippum
463 4499 608 4555 Diabolum
629 4498 817 4565 praevenisse.
851 4497 890 4549 Eo
912 4496 999 4564 magis
1019 4497 1188 4549 delectantur
1206 4498 1389 4565 syngraphum
1409 4496 1507 4549 adferri

269 4568 423 4622 audientes.
