3384 5342
694 459 945 564 —297

181 655 211 702 v.
237 634 296 700 sot
326 633 500 720 aptissime
525 657 552 700 v.
577 617 645 700 857
672 635 868 730 continuare
879 632 912 716 1).
936 672 979 680 -
1003 631 1104 716 Quod
1130 632 1171 698 ad
1196 654 1224 698 v.
1248 631 1425 699 <tot—903

182 744 307 823 attinet,
333 743 517 828 Langeno
529 741 562 825 ²),
580 743 635 827 qui
649 739 779 808 versus'
787 743 958 828 genuinos
973 762 1053 806 esse
1068 745 1178 825 negat,
1193 740 1365 822 astipulor.
1382 777 1425 784 ...

185 847 364 914 Praeterea
395 850 751 932 interpolationis
785 849 1019 931 suspicionem
1046 851 1180 912 movent
1205 847 1235 910 hi
1259 847 1329 911 iere
1353 867 1425 910 ver·

184 976 262 1020 sus:
294 957 345 1020 77.
378 955 447 1020 tao.
475 957 542 1021 250
571 957 621 1021 vel
645 953 759 1038 2523).
789 956 863 1020 552.
919 955 1079 1021 Dubitare
1111 954 1186 1024 licet
1218 954 1258 1018 de
1290 975 1318 1017 v.
1350 953 1425 1017 205.

183 1061 327 1127 Versum
353 1061 395 1127 oo
420 1068 509 1127 recte
528 1063 723 1128 defendisse
748 1063 877 1127 videtur
894 1061 1088 1143 Leoladn.
1113 1048 1153 1125 ad
1178 1083 1206 1125 v.
1230 1058 1294 1141 oo).
1325 1060 1362 1123 V.
1382 1060 1425 1124 94

184 1191 204 1232 a
230 1169 370 1234 Leone
397 1169 511 1234 iniuria
536 1164 833 1235 damnatum‘esse
860 1163 1113 1254 Seyllerto4)
1139 1167 1303 1239 concedo,

174 1283 181 1294 '
277 1275 374 1357 Quae
406 1296 480 1340 cum
514 1276 555 1341 ita
588 1277 667 1358 sint,
698 1276 877 1366 verisimile
907 1280 960 1340 est
989 1274 1192 1353 Asinariam,
1224 1291 1424 1357 quamquam

185 1381 395 1447 retractionis
419 1383 562 1468 vestigia
588 1403 654 1448 non
681 1384 804 1448 desunt
829 1403 940 1467 neque
966 1381 1081 1466 negari
1107 1385 1220 1463 potest
1244 1379 1426 1443 nonnullos

186 1509 309 1553 versus
335 1487 597 1572 intercidisse-t),
627 1511 695 1555 non
720 1490 762 1556 ita
788 1489 984 1554 dissimilem
1008 1488 1156 1567 fabulae,
1186 1505 1271 1570 quae
1295 1486 1336 1550 ad
1363 1505 1428 1549 nos
1517 1566 1520 1571 ‚

186 1597 344 1679 pervenit,
368 1596 410 1660 ab
428 1596 505 1679 ipso
525 1595 643 1661 Plauto
661 1597 887 1679 compositam
906 1616 995 1660 esse.
1038 1577 1264 1675 Quomodo
1289 1597 1425 1656 autem
1481 1586 1483 1588 ’

186 1701 365 1767 Plautus
402 1702 642 1767 Asinariam
677 1703 862 1768 fabulam
900 1699 1209 1783 composuerit·
1235 1699 1426 1781 proxima

185 1814 304 1892 parte
330 1790 617 1893 quaerendum
644 1815 717 1904 est.

277 2127 326 2192 llc
368 2127 508 2210 primum
546 2127 679 2210 quidem
713 2131 969 2209 perscrutemur,
1006 2144 1083 2188 num
1120 2123 1151 2188 in
1189 2123 1428 2204 componenda

184 2234 299 2299 tabula
317 2223 813 2317 poeta'contaminatione
839 2252 924 2296 usus
942 2232 992 2296 sit.
1014 2269 1057 2276 —
1080 2230 1248 2310 Naevium,
1267 2228 1429 2308 Plautum,

185 2317 338 2422 Ennium,
362 2339 549 2405 Terentium
574 2341 660 2405 alios
691 2345 811 2422 poetas
836 2336 1025 2419 Romanos,
1057 2320 1142 2401 cum*
1159 2337 1311 2402 Graecas
1334 2334 1428 2399 labu-

186 2449 238 2512 las
270 2448 300 2511 in
331 2447 477 2532 linguam
504 2447 651 2513 Latinam
683 2450 864 2526 verterent,
896 2465 963 2509 non
989 2445 1093 2508 modo
1119 2444 1161 2508 de
1186 2443 1258 2506 suis
1284 2440 1454 2526 ingeniis¹

186 2555 353 2638 quaedam
371 2554 554 2635 addidisse,
580 2553 766 2634 sedetiam,
791 2572 859 2636 quo
878 2552 1014 2619 uberius
1037 2550 1171 2617 tabulae
1196 2531 1428 2633 argumentum

187 2661 404 2744 procederet,
436 2681 478 2724 ex
509 2660 581 2724 aliis
608 2661 750 2726 Graecis
781 2659 904 2724 tabulis
936 2659 1087 2722 eiusdem
1113 2657 1164 2722 vel
1190 2655 1307 2720 similis
1331 2674 1429 2739 argu-

187 2766 292 2832 menti
316 2767 479 2831 interdum
499 2766 677 2831 nonnullas
701 2771 812 2849 partes
838 2765 868 2830 in
895 2785 968 2830 eam
995 2783 1093 2848 quam
1119 2763 1183 2845 ipsi
1208 2761 1312 2826 daturi
1338 2764 1430 2825 erant

185 2873 334 2938 tabulam
353 2873 540 2937 inseruisse
555 2877 695 2938 constat.
733 2872 945 2956 Quamquam
964 2892 1006 2936 ex
1023 2870 1193 2935 nonnullis
1206 2867 1336 2933 Terenti
1354 2887 1430 2950 pro-

188 2980 280 3064 logis
313 2979 373 3043 lnas
404 2979 535 3044 labulas
568 3000 652 3063 quas
685 2976 1035 3059 contaminatasssl
1065 2977 1217 3041 dixerunt
1247 2975 1288 3039 ab
1314 2975 1428 3039 adver-

187 3086 288 3151 sariis
319 3087 521 3169 vituperatas
554 3106 635 3150 esse
668 3090 792 3150 certum
825 3090 887 3149 est.
940 3084 1056 3168 Neque
1086 3103 1167 3148 vero
1199 3119 1242 3126 -
1273 3082 1303 3146 id
1336 3081 1427 3164 quod

188 3192 343 3257 nonnulli
368 3193 426 3257 viri
452 3193 540 3257 docti
566 3193 782 3257 coniecerunt
799 3229 842 3235 —
860 3192 924 3255 sub
942 3191 1002 3254 lrac
1024 3209 1109 3254 voce
1134 3190 1222 3272 apud
1240 3187 1428 3253 Terentium

188 3299 287 3383 quasi
312 3300 473 3364 terminus
499 3300 577 3374 latet
598 3299 772 3363 technicus
809 3298 863 3381 qui
890 3297 1020 3378 dicitur,
1048 3316 1122 3379 quo
1151 3315 1193 3360 ex
1222 3288 1353 3359 duabus
1378 3294 1429 3358 vel

189 3406 424 3488 compluribus
443 3426 541 3471 unam
561 3406 671 3470 lacere
695 3405 840 3469 fabulam
860 3389 1081 3488 sig'nilicatur:
1107 3403 1167 3466 sed
1194 3421 1268 3491 cum
1296 3400 1430 3483 propria

282 3665 304 3733 l)
325 3665 351 3718 L.
372 3681 395 3717 s.
415 3681 438 3716 S.
458 3665 519 3716 adn.
539 3665 572 3716 ad
592 3680 617 3715 v.
636 3663 697 3716 857.

203 3769 206 3774 -
280 3736 305 3806 2)
326 3736 352 3789 L.
373 3753 395 3789 s.
416 3753 438 3788 s.
459 3751 485 3803 p.
504 3735 630 3800 auolant.
675 3735 708 3787 cl.
735 3733 925 3787 Goetzium
953 3737 979 3785 et
1006 3731 1182 3784 Loewium
1210 3732 1225 3781 l.
1252 3745 1274 3780 S.
1295 3744 1318 3780 S.
1345 3727 1430 3795 praei.

188 3825 206 3877 p
280 3880 305 3949 3)
326 3879 583 3946 Cilangenum
606 3877 799 3945 l.s.sp.243.
831 3871 1431 3929 llddeKellermannisententiamcom-

190 3957 274 4004 ment.
300 3951 407 4004 lenens.
426 3950 465 4002 llll
487 3966 512 4017 p.
534 3950 579 4001 131
604 3949 765 4017 expositam,
789 3965 869 4016 quem
891 3953 965 4000 recle
984 3949 1018 3999 de
1039 3945 1176 3998 hocloco
1197 3943 1336 3996 iudicasse
1357 3948 1432 4010 puto.

280 4024 306 4093 4)
326 4023 367 4076 Cl.
388 4021 602 4074 Hebdomadalia
622 4020 764 4087 philologa
785 4021 905 4072 Berolin.
926 4019 1002 4082 1890,
1023 4034 1048 4086 p.
1058 4018 1119 4069 833.

280 4095 305 4164 5)
325 4095 366 4146 Ci.
387 4094 466 4146 huius
487 4093 555 4145 diss.
575 4109 600 4159 p.
622 4092 649 4143 ll
674 4107 716 4158 sq.
735 4092 770 4142 24
790 4108 831 4158 sq.
923 4135 927 4143 .

280 4167 305 4235 o)
325 4166 366 4218 ct.
386 4166 466 4217 llndr.
487 4167 555 4232 prol.
574 4181 599 4216 u.
620 4163 661 4215 15.
682 4163 729 4214 lo:

352 4235 386 4289 ld
403 4235 454 4290 isti
471 4235 636 4303 vituperant
647 4233 762 4302 sactum
782 4235 869 4301 atque
888 4231 916 4286 in
936 4245 969 4286 ao
988 4230 1141 4299 disputant

354 4306 555 4362 Contaminari
571 4319 629 4360 non
649 4304 746 4359 decere
758 4304 891 4373 fabulas.

255 4385 257 4390 '
281 4380 356 4431 lldde
377 4380 509 4431 lletimor.
529 4383 611 4430 'aulon
632 4380 700 4445 prol.
721 4377 839 4429 lla-18:
1046 4431 1050 4436 ,

351 4450 427 4504 Nam
446 4449 526 4516 quod
542 4462 672 4504 rumores
690 4448 866 4502 distulerunt
884 4445 1019 4511 malivoli,

352 4521 462 4576 Multas
481 4521 696 4576 contaminasse
716 4518 853 4585 Graecas,
873 4519 940 4574 dum
952 4517 1031 4588 facit

247 4605 250 4612 ·
284 4627 286 4630 -
351 4594 467 4650 Paucas
485 4593 607 4650 Latinas
627 4610 651 4648 e.
671 4610 696 4664 q.
716 4609 739 4646 s.
