3384 5342
775 452 911 522 ι...30
956 493 999 504 -

264 629 655 698 verbi‘contaminandi'
683 627 733 698 vis
767 633 854 698 nulla
885 633 928 698 sit
960 633 1022 698 nisi
1055 621 1141 718 quae
1167 634 1198 697 in
1231 633 1350 698 malam
1382 637 1509 716 partem

265 738 462 822 accipienda
494 744 561 820 est,
599 739 773 804 Terentius
803 739 855 804 bis
885 740 970 804 locis
1002 760 1077 804 cum
1109 740 1219 824 aliqua
1250 739 1403 804 irrisione
1435 739 1509 822 ipsa

264 845 532 910 adversariorum
558 845 660 912 verba
689 845 832 911 adhibet.
881 845 953 910 Nos
981 851 1092 912 autem
1118 845 1169 910 bis
1193 845 1404 929 temporibus
1433 865 1509 909 cum

263 952 491 1036 grammaticis
510 951 711 1042 quibusdam
738 952 802 1017 hoc
820 952 987 1044 vocabulo
1013 952 1054 1017 ita
1078 953 1252 1032 abutimur,
1277 956 1311 1017 ut
1336 953 1411 1017 nihil
1427 952 1510 1017 vitu·

264 1165 338 1232 sine
369 1149 613 1248 vituperatione
646 1166 790 1231 dicimus
822 1186 864 1230 ex
897 1166 1029 1232 duabus
1054 1167 1105 1232 vel
1138 1166 1289 1249 pluribus
1321 1164 1511 1230 comoediis

265 1291 363 1337 unam
388 1271 509 1337 factam
535 1291 643 1338 esse..

360 1375 513 1444 Plautum
532 1382 666 1463 poetam
684 1377 815 1444 tabulas
834 1379 1086 1444 contaminasse
1104 1399 1172 1443 non
1191 1381 1302 1444 solum
1323 1399 1365 1443 ex
1380 1377 1512 1443 Terenti

266 1484 421 1570 prologis
439 1485 556 1566 elucet,
582 1485 759 1550 sedetiam
778 1507 797 1550 a
814 1486 893 1550 viris
911 1487 1021 1551 doctis
1038 1487 1091 1567 ita,
1112 1491 1146 1550 ut
1162 1487 1216 1551 vix
1233 1485 1372 1551 dubitari
1390 1485 1511 1568 possit,

265 1591 472 1676 argumentis
505 1612 547 1656 ex
579 1591 663 1675 ipsis
693 1592 816 1658 tabulis
849 1592 960 1675 petitis
993 1594 1169 1676 probatum
1199 1598 1260 1658 est.
1308 1592 1356 1656 Eo
1379 1592 1510 1657 facilius

266 1697 377 1763 autem
410 1718 495 1781 quas
528 1704 640 1783 partes
672 1697 810 1763 Plautus
842 1699 971 1764 exalia
998 1700 1110 1766 tabula
1134 1699 1312 1779 addiderit,
1343 1698 1510 1784 cognosci

269 1808 398 1888 potest,
430 1806 521 1888 quod
555 1825 622 1870 non
655 1805 742 1870 sicut
765 1804 941 1870 Terentius
971 1806 1059 1887 (nam
1086 1806 1148 1870 nisi
1174 1806 1249 1888 ip'se
1273 1804 1447 1870 Terentius
1471 1825 1511 1868 se
1586 1806 1590 1810 ’

206 1908 208 1925 “
266 1911 519 2006 contaminasse
557 1911 782 1996 profiteretur,
820 1912 1116 1976 contaminationis
1151 1912 1294 1997 vestigia
1326 1911 1511 1976 intabulis

267 2016 341 2081 eius
371 2017 482 2083 minus
512 2022 601 2082 certa
626 2018 755 2099 essent)
781 2038 867 2102 quas
892 2023 1005 2102 partes
1030 2018 1158 2083 exalia
1183 2017 1295 2083 tabula
1320 2018 1512 2100 sumpserit,

266 2123 433 2188 artissime
462 2143 537 2188 cum
564 2128 722 2189 contextu
749 2125 929 2204 coniunxit,
954 2126 1015 2190 sed
1042 2117 1143 2207 paulo
1168 2124 1323 2190 licentius
1340 2125 1370 2190 in
1397 2124 1510 2191 haere

268 2230 447 2314 sogessit.
497 2230 607 2314 ltaque
633 2231 689 2295 ubi
715 2230 745 2295 in
770 2230 893 2295 fabulis
919 2231 1073 2316 singulae
1099 2236 1211 2314 partes
1237 2251 1304 2295 non
1331 2231 1429 2313 plane
1454 2250 1511 2296 co-
1581 2246 1585 2251 “

268 2335 413 2418 haerent,
427 2357 494 2401 non
509 2333 608 2403 abe‘st
622 2339 786 2421 quaedam
801 2337 966 2420 suspicio,
981 2338 1059 2422 quin
1075 2336 1213 2402 Plautus
1228 2337 1511 2403 contaminatione

268 2458 353 2506 usus
379 2442 429 2508 sit.
477 2441 728 2526 Sed'penacile
755 2445 893 2509 modum
918 2444 1194 2529 transgrediatur,
1227 2444 1295 2528 qui,
1321 2444 1512 2528 siquando

268 2548 413 2614 tabulam
429 2569 496 2614 non
511 2549 553 2613 ab
568 2550 659 2614 omni
678 2553 769 2632 parte
785 2570 898 2616 carere
914 2551 1025 2631 rebus,
1039 2571 1126 2634 quae
1141 2551 1204 2615 sibi
1217 2555 1273 2615 aut
1286 2571 1354 2615 non
1369 2570 1512 2634 respon-

270 2657 349 2721 dent
366 2660 422 2720 aut
440 2657 526 2722 male
545 2657 764 2740 respondent,
789 2657 993 2737 intellexerit,
1019 2658 1060 2722 de
1078 2657 1361 2722 contaminatione
1379 2657 1514 2742 cogitet.

273 2761 493 2827 Notissimum
514 2761 602 2828 enim
621 2766 673 2827 est
698 2763 795 2828 etiam
821 2763 852 2828 in
879 2764 1069 2829 comoediis
1095 2762 1264 2843 Plautinis,
1289 2783 1375 2847 quae
1400 2768 1514 2829 conta·

271 2867 463 2934 minationis
494 2869 728 2952 suspicionem
755 2870 846 2934 nullo
873 2870 977 2934 modo
1003 2874 1153 2949 movent,
1185 2870 1344 2935 nonnulla
1369 2868 1515 2948 inveniri,

272 2993 358 3058 quae
390 2975 474 3040 inter
505 2997 544 3041 se
577 2996 643 3040 non
670 2976 712 3044 ita
737 2975 824 3040 bene
851 2981 1047 3061 congruant.
1094 2974 1259 3040 derecte
1285 2976 1515 3060 Langenus

273 3080 406 3162 quidem
422 3083 602 3165 opusculo,
614 3084 705 3166 quod
721 3081 892 3165 inscripsit
904 3081 1149 3164 „Plautinische
1164 3081 1323 3146 Studien“
1336 3081 1356 3163 ¹)
1369 3081 1480 3146 fusius
1490 3077 1515 3162 2)

273 3190 432 3272 exposuit
463 3188 538 3254 talia
570 3188 600 3253 in
635 3188 721 3253 nulla
750 3189 820 3253 lere
851 3189 962 3253 tabula
988 3208 1129 3271 prorsus
1159 3189 1294 3252 deesse.
1353 3188 1447 3253 Unde
1473 3187 1515 3250 de

274 3295 556 3361 contaminatione
582 3295 668 3360 satis
689 3300 785 3360 caute
811 3296 1024 3360 iudicandum
1050 3316 1130 3360 esse
1156 3296 1255 3378 plane
1279 3299 1426 3378 apparet.
1451 3283 1457 3294 ’

364 3402 465 3467 Etiam
492 3402 523 3466 in
554 3400 708 3467 Asinaria
732 3399 859 3483 tabula,
892 3408 925 3467 ut
943 3404 989 3467 ad
1014 3403 1125 3487 ipsum
1156 3403 1361 3467 accedamus
1390 3420 1516 3483 propo-

276 3509 392 3590 situm,
423 3507 480 3573 viri
507 3509 595 3572 docti
620 3529 737 3574 ansam
765 3509 851 3574 nacti
876 3529 958 3574 esse
984 3509 1047 3573 sibi
1072 3509 1134 3574 visi
1160 3512 1252 3589 sunt,
1282 3527 1346 3592 qua
1370 3506 1517 3571 tabulam

277 3615 535 3681 contaminatam
573 3634 654 3678 esse
692 3616 970 3680 demonstrarent.
1024 3615 1121 3679 Velut
1155 3615 1196 3679 de
1233 3615 1517 3679 contaminatione

275 3721 407 3786 tabulae
425 3720 656 3806 cogitaverunt
682 3721 896 3787 Goetzius
921 3726 953 3786 et
978 3721 1192 3802 LoewiuS,
1217 3721 1272 3802 qui
1290 3721 1321 3786 in
1341 3721 1441 3805 praei.
1466 3722 1517 3785 ed.

277 3827 412 3893 maioris
438 3826 476 3908 (a.
499 3827 594 3908 1881)
617 3847 646 3912 p.
664 3827 765 3892 XXlV
791 3832 929 3912 propter
953 3828 1131 3892 nonnullas
1156 3827 1270 3892 turbas
1296 3848 1382 3912 quae
1408 3828 1520 3892 insunt

277 3935 317 3998 ad
345 3933 663 3999 contaminationem
689 3935 954 4020 confugiendum
980 3955 1061 3999 esse
1087 3935 1264 4000 coniciunt.

370 4040 401 4105 ln
427 4060 525 4124 quam
552 4061 621 4105 rem
647 4041 702 4124 qui
728 4047 807 4124 post
833 4042 1058 4107 Goetzium
1085 4046 1117 4106 et
1142 4042 1355 4132 Loewium
1383 4038 1521 4123 inquisi-

280 4151 396 4212 verunt
424 4147 513 4211 velut
536 4143 835 4229 Ribbeckius3),
864 4145 1127 4233 langenusp,
1159 4139 1522 4231 Rauterbergiusll,

372 4337 395 4404 1)
417 4333 464 4386 aa.
486 4333 606 4386 aeman
629 4334 705 4387 isar.
773 4307 775 4311 ’

370 4406 395 4476 2)
416 4405 585 4474 Quamquam
613 4422 674 4457 non·
695 4408 810 4472 desunt,
837 4409 871 4458 de
899 4408 1000 4475 quibus
1025 4408 1149 4475 argutius
1176 4412 1202 4458 et
1228 4407 1420 4474 scrupulosius
1444 4421 1523 4472 quam

280 4478 373 4530 verius
393 4477 560 4530 iudicavisse
580 4477 710 4530 videatur.
897 4484 900 4490 '

368 4549 638 4618 &hsspffl

368 4621 639 4690 bbsspffl

368 4693 394 4764 5)
416 4692 443 4748 L.
464 4709 487 4748 s,
508 4709 531 4748 s.
552 4709 577 4762 p.
598 4694 621 4748 l.
