3384 5342
52 1165 54 1302 l

658 459 879 558 “4¹ss

146 635 245 700 ἕνδον
269 634 389 717 ἕτερος,
411 617 549 699 εἰποῦσά
562 633 585 718 ¹)
609 639 709 716 atque
735 653 809 698 curn
836 634 989 699 eiusdem
1012 634 1192 718 syngraphi
1216 634 1328 718 verbis
1345 634 1392 699 od

146 759 321 808 eorumne
354 759 448 823 quem
480 742 595 806 oculos
619 740 744 806 adiciat
772 757 853 805 suos
883 741 925 822 lv.
949 740 1026 822 769)
1058 741 1139 805 mire
1172 741 1388 805 consentiunt

147 851 229 913 haec
254 849 403 913 Luciani:
433 843 509 912 οὔτε
532 841 745 912 ἀποσκώπτει
773 843 881 926 ἔςτρνα
910 853 979 911 τῶν
1008 843 1200 926 παρόντων,
1228 843 1260 920 ἐς
1284 845 1390 929 μόνον
1484 859 1486 865 “

147 956 181 1020 δὲ
214 953 275 1020 τὸν
303 951 550 1037 μισθωσάμενον
582 952 754 1037 altasar).
802 953 870 1020 Sed
904 954 1096 1034 videamus,
1128 954 1205 1034 quid
1245 954 1309 1028 lroc
1346 954 1388 1017 ad

147 1080 220 1124 eam
248 1077 346 1141 quam
372 1063 552 1123 tractamus
577 1059 810 1139 quaestionem
840 1061 956 1124 valeat.
1003 1060 1186 1124 Lucianum
1211 1064 1243 1124 el
1266 1058 1389 1124 Trucu-
1494 1080 1498 1091 “

148 1167 225 1230 lenti
251 1171 283 1230 el
300 1149 475 1229 Asinariae
500 1165 670 1252 exemplar
687 1165 830 1230 Atticum
857 1167 997 1231 novisse
1020 1166 1199 1253 verisimile
1224 1170 1285 1245 est,
1310 1185 1385 1229 curn

147 1293 189 1336 ex
214 1277 353 1354 utraque
378 1255 502 1351 tabula,
534 1289 621 1352 quae
650 1271 680 1336 in
706 1273 807 1336 altera
833 1292 900 1336 non
927 1272 1144 1353 inveniuntur,
1169 1272 1386 1354 excerpsisse

145 1370 338 1459 videaturil.
386 1377 526 1441 Accedit
547 1378 637 1458 quod
657 1397 781 1441 scenas
808 1378 825 1442 l.
837 1391 862 1443 2.
872 1391 898 1443 3.
923 1377 1098 1451 Asinariae
1124 1398 1166 1442 ex
1189 1378 1251 1442 alia
1275 1377 1388 1442 labula

51 1473 52 1476 ¹
146 1489 300 1564 sumptas
332 1483 522 1563 Demophili
553 1483 686 1547 tabulae
716 1484 860 1548 insertas
891 1504 972 1547 esse
1000 1484 1054 1548 vix
1085 1485 1165 1553 iure¹
1186 1484 1249 1548 dici
1279 1503 1387 1566 posse
1452 1538 1466 1554 ,,

147 1608 248 1671 supra
278 1591 320 1655 de
350 1589 632 1654 contaminatione
663 1589 839 1669 disputans
871 1590 913 1671 (p.
942 1590 985 1655 29
1015 1590 1100 1671 sqq.)
1130 1590 1387 1654 demonstrasse

147 1697 377 1761 mitrivideor.
426 1693 602 1758 Praeterea
632 1694 706 1758 huic
730 1695 799 1760 iere
826 1695 1055 1781 deliberationi
1082 1696 1217 1760 multum
1243 1695 1388 1760 tribuen-

147 1805 225 1867 dum
252 1823 332 1866 esse
359 1806 447 1883 puto.
492 1800 526 1867 Si
552 1800 628 1881 quis
654 1801 739 1864 enim
767 1807 867 1881 poeta
892 1802 1044 1866 eiusdem
1071 1803 1207 1886 generis
1233 1802 1388 1866 homines

147 1909 298 1993 depingit
326 1914 425 1989 atque
455 1908 539 1971 allus
570 1912 685 1988 poeta,
715 1908 871 1988 perfacile
898 1908 969 1972 lieri
1000 1913 1128 1989 potest,
1160 1913 1193 1972 ul
1222 1908 1386 1988 quaedam

147 2015 312 2083 simillime
344 2015 506 2093 dicantur,
536 2013 667 2078 etiarnsi
697 2012 817 2095 poetae
851 2015 941 2078 nullo
972 2015 1075 2078 modo
1105 2015 1186 2079 alter
1215 2034 1263 2078 exv
1284 2014 1388 2078 altero

148 2121 303 2204 pendent.
343 2121 440 2184 Velut
458 2124 491 2184 ut
516 2140 558 2184 ex
582 2120 633 2184 his
658 2119 743 2202 ipsis
760 2121 971 2202 temporibus
997 2122 1064 2185 duo
1083 2120 1236 2200 exempla
1252 2120 1388 2184 alteram

147 2228 232 2292 inter
260 2226 482 2292 Sudermanni
510 2226 681 2306 tabellam,
713 2243 812 2306 quam
842 2226 1024 2307 inscripsit,
1059 2224 1160 2307 „frau
1192 2225 1321 2310 Sorge“
1341 2231 1389 2290 'et

148 2333 329 2422 Frensseni
354 2333 450 2416 „jorn
478 2332 555 2398 Uhl“
581 2349 762 2417 permagna
788 2336 840 2396 est
865 2332 1056 2397 similitudo.
1098 2333 1150 2397 De
1176 2333 1388 2398 similitudine

146 2445 265 2504 autem
283 2439 368 2502 inter
392 2437 484 2503 Pauli
510 2439 636 2503 Lindau
660 2438 815 2519 tabulam,
841 2457 927 2520 quae
952 2439 1150 2519 inscribitur,
1173 2438 1296 2520 „llllaria
1321 2439 1387 2502 und

147 2545 368 2632 Magdalena“
402 2550 434 2609 et
465 2543 687 2610 Sudermanni
722 2545 884 2626 tabulam,
921 2547 974 2609 cui
1009 2546 1135 2610 titulum
1173 2567 1254 2610 esse
1283 2545 1388 2610 voluit

146 2652 324 2732 „lleimat“,
341 2649 583 2735 Sigismundus
601 2648 884 2732 Friedmannus4),
908 2652 956 2715 vir
975 2651 1073 2715 huius
1092 2652 1136 2716 rei
1155 2652 1388 2732 peritissimus,

148 2759 255 2838 primo
274 2758 390 2821 obtutu
402 2756 565 2836 ‘perfacile
583 2756 772 2837 quempiam
792 2757 902 2821 dicere
917 2758 1026 2840 pos'se
1043 2762 1135 2836 putat
1150 2759 1287 2822 alterum
1307 2774 1388 2836 poe-

147 2868 212 2928 tam
228 2883 270 2926 ex
283 2863 387 2927 altero
402 2863 557 2942 pendere.
595 2862 657 2926 lam
675 2862 771 2926 vides
789 2880 888 2943 quam
904 2862 999 2926 caute
1014 2863 1044 2926 in
1060 2863 1110 2926 lris
1125 2863 1226 2927 rebus
1240 2864 1386 2928 iudican-

49 3043 50 3048 ἵ
148 2972 225 3034 dum
252 2969 302 3033 sit,
350 2969 399 3033 ilc
413 2969 441 3033 si
468 2974 638 3048 praeterea
664 2974 866 3049 reputamus,
892 2986 960 3051 quo
984 2975 1136 3049 tempore
1163 2970 1386 3050 Demophilus

49 3077 50 3102 ³
146 3075 263 3140 vixerit
292 3076 457 3139 neminem
491 3075 593 3154 scire,
626 3075 688 3138 nisi
721 3089 807 3156 quae
837 3077 974 3140 maioris
1006 3077 1166 3140 momenti
1195 3076 1261 3140 sint
1288 3095 1385 3160 argu·

147 3187 263 3260 menta
283 3181 475 3262 alterantur,
501 3181 657 3245 Leonis
683 3167 908 3246 coniecturam
935 3200 1000 3264 qua
1029 3181 1204 3246 Asinariae
1230 3182 1320 3247 l.2.3.
1344 3183 1384 3246 ad

147 3288 395 3353 similitudinem
409 3287 596 3352 Truculenti
615 3288 824 3367 compositas
843 3309 924 3352 esse
943 3289 1099 3368 proponit
1113 3294 1261 3352 nostram
1274 3288 1386 3352 iacere

149 3395 350 3459 dubitamus
1301 3388 1303 3393 ’

238 3499 339 3581 Quod
366 3501 406 3564 ad
433 3498 640 3565 Pseudolum
667 3505 812 3582 spectat,
838 3500 922 3565 Leo
954 3501 1047 3564 tertia
1072 3505 1104 3564 el
1135 3505 1250 3581 quarta
1282 3519 1386 3563 scena

147 3607 291 3671 secundi
316 3612 412 3671 actus
430 3605 603 3672 Asinariae
624 3607 859 3686 Demophilum
880 3606 1041 3671 Pseudoli
1056 3607 1226 3686 exemplar
1242 3605 1384 3669 lltticum

49 3711 50 3744 r
148 3713 307 3779 imitatum
334 3734 414 3776 esse
448 3714 627 3779 contendit,
675 3712 742 3778 Sed
769 3733 843 3778 cum
875 3714 963 3777 duos
989 3713 1087 3776 locos
1119 3713 1202 3777 inter
1225 3734 1263 3777 se
1296 3732 1386 3787 com·

49 3829 50 3868 l
149 3837 315 3900 pararem,
352 3839 418 3882 non
452 3819 494 3883 ita
530 3840 651 3903 magna
686 3820 867 3884 similitudo
900 3820 951 3884 illa
984 3819 1059 3884 milri
1090 3819 1263 3883 videbatur
1298 3839 1387 3882 esse.
1425 3901 1432 3917 ο

49 4457 51 4536 l

49 4973 51 5066 l

239 4147 262 4214 l)
283 4147 324 4198 Cl.
345 4151 452 4198 meretr.
472 4146 533 4198 dial.
555 4147 595 4209 12,
618 4148 640 4197 l.

199 4217 203 4224 “
238 4219 262 4282 2)
284 4218 348 4269 lbid.
368 4219 393 4281 b,
413 4219 438 4269 3.

237 4290 262 4356 3)
283 4289 451 4356 Quamquam
467 4290 615 4341 cavendum
631 4294 681 4351 est,
691 4305 725 4339 ne
739 4289 906 4340 similitudini
922 4288 1031 4338 nimium
1045 4289 1205 4350 tribuamus,
1220 4305 1280 4339 cum
1292 4304 1345 4354 qua
1356 4305 1388 4339 ex

145 4360 238 4412 tabula
258 4361 411 4427 quempiam
432 4361 569 4428 dialogum
591 4362 711 4427 pendere
731 4359 773 4412 vix
792 4359 845 4411 dici
867 4376 953 4426 posse
974 4360 1146 4410 notissimum
1168 4360 1211 4411 sit,
1248 4359 1289 4410 Cl.
1307 4359 1386 4410 etiam

148 4431 262 4494 llelm,
284 4431 382 4482 lucian
398 4434 451 4482 und
462 4431 582 4499 llrlenipp,
604 4431 766 4498 lipsiam,
782 4448 806 4498 p.
823 4432 887 4482 lib:
908 4447 957 4494 „es
972 4431 1023 4482 rasst
1043 4431 1102 4481 siclr
1117 4431 1178 4481 kein
1197 4431 1320 4497 einziges
1334 4429 1387 4481 Ge·

49 4571 50 4574 ¹
148 4504 248 4570 spraclr
271 4503 316 4553 mit
336 4503 489 4554 Siclrerlreit
509 4503 554 4554 aul
573 4502 615 4553 ein
637 4503 807 4554 bestimmtes
828 4503 913 4554 Smer<
932 4503 1159 4554 zurueklfilrren‘.

238 4575 263 4640 4)
284 4574 325 4626 cf.
346 4576 412 4638 „das
433 4576 565 4625 deutsclre
587 4575 685 4625 Drama
706 4575 755 4624 des
778 4575 817 4625 ill.
837 4575 946 4642 Jalrrlr.“
985 4574 1056 4640 lips
1079 4573 1154 4636 1903,
1175 4590 1201 4640 p.
1219 4573 1280 4625 348.
