3384 5342
680 375 947 443 Ι--35--

217 553 325 620 cimus
355 575 373 618 a
403 553 575 619 meretrice
605 558 761 636 receptus
791 559 868 637 erat,
897 553 1093 621 versabatur
1121 554 1172 637 (cf.
1196 575 1224 621 v.
1249 554 1326 638 329)
1357 560 1458 640 atque

218 662 291 726 lena
317 681 434 726 rursus
460 681 581 726 novum
608 661 813 743 colloquium
840 663 940 744 idque
964 663 1071 728 simile
1094 663 1133 744 ei,
1159 664 1249 745 quod
1269 664 1286 729 l.
1304 677 1330 730 3.
1350 651 1459 731 exstat

219 788 293 833 cum
321 788 362 832 eo
388 767 508 833 babuit.
557 767 609 833 De
635 768 774 850 indiciis,
807 770 895 834 unde
925 769 1023 834 buius
1046 769 1117 834 tere
1141 771 1328 855 argumenti
1353 773 1458 838 collb·

218 877 330 957 quium
363 895 397 939 re
428 895 506 940 vera
536 874 644 938 fuisse
676 876 946 941 concludendum
978 876 1028 957 sit,
1059 877 1192 958 supra1)
1218 877 1391 957 disputavi.
1414 915 1458 925 -—

219 983 279 1048 llis
304 983 406 1047 rebus
432 981 597 1062 expositis
622 981 685 1046 iam
715 983 756 1046 ad
787 982 894 1061 ipsam
928 983 1085 1048 Leonis
1115 983 1293 1048 redeamus
1323 990 1457 1050 senten·

217 1091 303 1154 tiam.
350 1088 460 1171 Atque
492 1088 615 1169 quibus
638 1110 666 1152 v.
691 1088 756 1154 533
781 1088 938 1154 offensus
970 1094 1031 1171 est,
1063 1111 1103 1153 ea
1134 1089 1176 1154 ita
1201 1111 1220 1154 e
1245 1092 1357 1156 medio
1383 1093 1457 1158 tolli

218 1214 324 1276 posse
355 1196 431 1260 mibi
455 1195 619 1260 videntur:
656 1195 730 1260 lena
755 1195 842 1260 enim
869 1196 1068 1280 gravissima
1093 1196 1373 1282 inrArgyrippum
1397 1199 1483 1264 fili·'

216 1321 339 1384 amque
369 1303 414 1366 ira
444 1301 567 1382 percita
598 1301 640 1367 ibi
670 1323 709 1367 se
735 1322 822 1366 nunc
849 1322 912 1366 nec
938 1303 1095 1382 precibus
1121 1323 1183 1368 nec
1209 1304 1388 1383 promissis
1414 1327 1456 1371 eo

218 1409 354 1490 perduci
373 1425 488 1490 posse,
514 1414 548 1474 ut
564 1407 754 1494 Argyrippo
777 1408 967 1493 dilationem
994 1410 1153 1490 praebeat
1171 1409 1319 1476 affirmat.
1350 1412 1456 1477 Velim

218 1515 374 1580 conferas
402 1535 523 1579 versus
556 1516 808 1596 praecedentes,
840 1515 964 1597 quibus
995 1517 1037 1580 de
1069 1517 1249 1596 promissis
1281 1517 1456 1603 Argyrippi

218 1641 332 1687 sermo
358 1626 418 1686 est.
463 1620 640 1686 Praeterea
673 1641 739 1686 non
770 1627 823 1686 est
856 1642 914 1686 cur
944 1623 1052 1686 lenam
1085 1623 1234 1688 iterum
1260 1644 1299 1688 se
1324 1626 1457 1690 adules-

218 1734 348 1794 centem
375 1728 553 1792 eiecturam
584 1748 665 1793 esse
688 1728 776 1792 filiae
802 1729 913 1793 dicere
943 1733 1192 1810 exspectemus
1221 1749 1296 1794 cum
1322 1750 1458 1796 revera

217 1835 323 1915 primo
361 1840 436 1901 actu
473 1834 536 1899 sibi
569 1854 635 1898 non
669 1834 868 1916 constiterit,
907 1836 1009 1900 immo
1045 1837 1253 1901 adulescenti
1293 1838 1455 1916 pecuniae

217 1942 464 2022 comparandae
493 1947 627 2022 tempus
657 1937 825 2023 dederit2).
874 1941 976 2023 Quod
1005 1947 1116 2006 autem
1146 1944 1188 2006 ad
1218 1943 1348 2010 tertium
1379 1945 1456 2010 illud

216 2053 449 2134 argumentum
483 2049 641 2114 Leonis
672 2048 801 2129 attinet,
833 2070 875 2113 ex
904 2049 944 2113 iis
976 2066 1063 2131 quae
1099 2066 1200 2129 supra
1232 2050 1456 2116 disseruimus

217 2157 334 2236 elucet,
365 2155 396 2220 in
421 2177 448 2220 v.
472 2145 538 2222 '594
563 2156 683 2220 nullam
710 2155 826 2220 inesse
852 2155 1091 2220 difficultatem:
1123 2156 1225 2222 immo
1260 2156 1325 2221 troc
1355 2178 1455 2222 versu

216 2262 438 2348 Argyrippum
457 2261 629 2326 Philaenio
647 2279 733 2344 quae
760 2262 874 2327 ultimo
899 2263 1070 2344 colloquio
1097 2268 1201 2327 mater
1224 2263 1350 2327 dixerat
1367 2263 1455 2344 (cum

215 2370 301 2433 alius
322 2373 450 2433 amator
471 2369 568 2450 isque
594 2368 812 2434 divitissimus
837 2369 986 2450 adesset,
1011 2368 1200 2454 Argyrippo
1219 2370 1339 2434 nullam
1359 2387 1455 2450 spem

216 2477 361 2542 relictam
388 2496 468 2540 esse
494 2475 592 2558 eique
618 2477 754 2540 domum
781 2476 927 2540 eundum
954 2476 1046 2557 esse)
1073 2495 1213 2548 narrare.

306 2583 370 2648 la'm
401 2582 608 2667 argumentis
634 2582 756 2666 quibus
781 2583 838 2646 viri
869 2582 958 2646 docti
983 2581 1170 2646 Asinariam
1202 2567 1346 2648 fabulam
1373 2603 1454 2648 con·

214 2692 405 2756 taminatam
435 2709 516 2754 esse
542 2690 774 2754 demonstrare
799 2689 994 2769 studuerint,
1026 2688 1202 2772 pensitatis
1226 2689 1279 2754 vix
1311 2690 1361 2754 eis
1385 2695 1455 2754 tan-

215 2804 280 2863 tam
311 2797 375 2861 vim
409 2796 524 2861 inesse
555 2795 714 2876 vidimuS,
747 2816 788 2860 ex
820 2796 943 2880 quibus
975 2792 1126 2860 Plautum
1153 2796 1183 2860 in
1217 2797 1455 2880 componenda

214 2904 325 2969 fabula
351 2903 634 2969 contaminatione
661 2922 757 2966 usum
784 2923 867 2966 esse
899 2886 1124 2968 concludatur.
1172 2902 1347 2968 Accedunt
1370 2904 1455 2968 aliae

216 3009 491 3076 deliberationes:
521 3010 711 3093 quicunque
736 3009 924 3074 Asinariam
948 3009 1110 3090 fabulam,
1138 3027 1226 3092 quae
1256 3010 1362 3092 primo
1392 3009 1452 3075 ob-

214 3123 284 3183 tutu
311 3118 392 3182 satis
418 3117 571 3181 distincte
597 3121 629 3180 et
654 3115 826 3180 distribute
858 3117 1050 3198 composita
1075 3136 1155 3180 esse
1180 3117 1323 3198 videtur,
1355 3137 1454 3202 saga-

219 3225 356 3289 cissime
383 3223 567 3306 perlustrat,
593 3242 667 3287 eum
694 3242 761 3287 non
788 3219 927 3307 effugiet
951 3218 1253 3304 permulta'inesse
1270 3241 1355 3306 quae
1373 3221 1456 3289 inter

216 3353 255 3396 se
287 3331 406 3395 melius
439 3330 616 3394 coniuncta
648 3350 728 3393 esse
761 3329 904 3412 possint.
953 3328 1069 3410 Neque
1099 3349 1181 3393 vero
1213 3330 1286 3394 eius
1318 3331 1454 3415 generis

216 3437 427 3503 difficultates
458 3441 597 3518 accepta
629 3437 680 3500 illa
712 3436 920 3516 coniectura,
953 3454 1017 3519 qua
1047 3454 1173 3500 scenae
1199 3435 1289 3501 l.2.3.
1320 3456 1362 3501 ex
1392 3437 1454 3501 alia

213 3545 325 3609 fabula
343 3547 497 3626 sumptae
517 3542 708 3625 Demophili
724 3543 857 3607 fabulae
879 3543 1003 3607 inserta
1021 3542 1095 3622 sint,
1117 3542 1215 3624 plane
1233 3547 1454 3625 removentur,

215 3652 277 3716 sed
303 3652 399 3715 etiam
426 3649 456 3712 in
474 3649 547 3714 aliis
571 3649 703 3713 fabulae
724 3649 874 3733 partibus
900 3653 986 3729 sunt,
1010 3668 1097 3732 quae
1114 3649 1290 3731 quomodo
1315 3650 1399 3714 inter
1414 3670 1453 3715 se

214 3758 432 3823 cohaererent
462 3760 562 3838 poeta
588 3760 705 3820 nostro
738 3757 872 3839 quidem
898 3755 1020 3820 iudicio
1053 3754 1239 3819 distinctius
1272 3757 1453 3821 ostendere

215 3865 336 3930 debuit.
382 3863 479 3927 Velut
511 3862 594 3926 inter
619 3862 698 3928 lllr.
722 3867 754 3928 et
780 3862 859 3928 lll.3.
885 3864 992 3927 lenam
1025 3881 1100 3926 cum
1126 3861 1316 3946 Argyrippo
1349 3864 1453 3928 collo-

214 3975 322 4036 cutam
349 3990 429 4034 esse
454 3968 575 4032 clarius
601 3969 821 4034 demonstrari
852 3969 958 4051 potuit
972 3963 1005 4049 ³).
1054 3967 1170 4051 Neque
1194 3987 1274 4032 vero
1300 3973 1451 4034 nostrum

214 4082 268 4142 est
293 4080 425 4159 poetam
451 4075 647 4157 vituperare,
680 4076 740 4139 sed
767 4094 971 4158 percensere
1001 4093 1078 4138 num
1110 4073 1198 4138 illum
1235 4075 1310 4139 talia
1345 4076 1376 4140 in
1413 4097 1453 4141 se

213 4183 396 4247 admisisse
431 4181 609 4246 verisimile
646 4181 696 4246 sit.
778 4181 834 4246 Sin
873 4181 1139 4264 reputaverimus
1173 4180 1203 4244 in
1240 4181 1313 4246 aliis
1345 4179 1452 4247 Plauti

305 4372 328 4439 l)
348 4370 390 4423 Cf.
410 4370 489 4423 lruius
509 4370 619 4421 dissert.
639 4387 664 4437 p.
686 4370 718 4421 12
737 4385 779 4436 sq.

303 4442 328 4512 2)
348 4442 389 4495 Cf.
410 4442 489 4494 etiam
510 4457 580 4508 quae
601 4440 727 4494 Haveti
748 4446 936 4508 argumentum
958 4441 1121 4510 impugnans
1141 4439 1275 4509 disputavi
1295 4457 1322 4508 p.
1339 4441 1384 4493 37.

301 4514 328 4584 3)
348 4513 389 4568 Cf.
409 4514 489 4567 buius
510 4513 620 4567 dissert.
641 4530 666 4582 p.
687 4513 720 4565 12
740 4529 782 4581 sq.
