3384 5342
766 399 988 466 ...30-

258 577 379 642 labulis
410 577 463 642 vix
489 578 626 657 deesse,
665 598 751 662 quae
783 577 833 642 his
870 577 1080 660 temporibus
1112 577 1180 642 iure
1217 582 1339 660 poetae
1370 578 1495 644 crimini

260 687 429 766 darentur,
462 705 527 749 non
561 685 603 750 ita
633 684 753 749 acriter
784 687 825 749 de
850 685 910 748 his
942 684 1044 749 rebus
1076 684 1298 749 iudicabimus
1356 671 1497 752 Accedit

259 793 350 875 quod
382 793 558 873 quomodo
585 791 809 874 Demophilus
839 791 1002 872 fabulam,
1033 810 1132 873 quam
1165 791 1335 874 inscripsit
1366 786 1498 875 ὀναγός,

260 900 490 981 composuerit
513 899 567 963 vix
592 899 661 963 erui
687 903 808 982 potest.
857 898 934 963 lllud
959 903 1069 965 autem
1099 902 1232 965 constat
1257 898 1496 981 Demophilum

259 1006 342 1070 inter
374 1006 527 1072 Graecae
563 1006 763 1070 comoediae
800 1009 921 1089 poetas
958 1025 1024 1070 non
1059 1006 1102 1070 ita
1138 1006 1305 1070 celebrem
1340 1005 1448 1070 luisse
1465 1002 1497 1085 ¹).

260 1111 348 1193 Quid
380 1113 478 1197 igitur
513 1113 629 1177 mirum
650 1113 752 1197 'quod
786 1111 940 1194 Plautus,
976 1132 1076 1197 quem
1112 1113 1173 1177 hac
1205 1112 1236 1176 in
1267 1111 1378 1176 tabula
1410 1111 1496 1175 haud

260 1219 395 1284 multum
421 1219 462 1283 ab
488 1219 668 1302 exemplari
694 1219 830 1284 Graeco
855 1220 1046 1285 recessisse
1070 1219 1248 1285 verisimile
1273 1216 1379 1300 est2),
1412 1239 1499 1303 quae

260 1330 361 1409 poeta
379 1327 533 1392 Graecus
547 1326 657 1390 minus
671 1327 758 1391 bene
783 1332 1033 1410 composuerat,
1056 1327 1111 1391 vix
1134 1327 1254 1391 melius
1279 1325 1408 1390 civibus
1426 1325 1499 1390 suis

259 1433 377 1499 vertit?
418 1433 538 1514 ltaque,
564 1438 597 1499 ut
614 1433 712 1498 huius
730 1433 967 1516 disputationis
996 1453 1161 1498 summam
1186 1432 1315 1514 faciam,
1337 1433 1500 1498 verisimi

260 1540 323 1604 lius
342 1540 417 1604 mihi
436 1540 569 1624 quidem
586 1541 715 1605 videtur
733 1539 923 1605 Plautum
949 1541 986 1605 in
1005 1539 1204 1605 Asinaria
1227 1540 1371 1604 tabula
1389 1560 1498 1605 com-

261 1648 458 1729 ponenda
484 1647 852 1710 contaminatione
876 1647 1158 1711 abstinuisse.

198 1741 200 1745 ¹
351 1753 437 1818 Cum
463 1754 492 1817 in
519 1753 579 1816 hac
598 1752 845 1817 dissertationis
871 1758 963 1835 parte
989 1754 1030 1818 de
1056 1752 1307 1836 compositione
1324 1752 1501 1819 Asinariae

261 1860 432 1942 disputare
462 1860 492 1923 in
522 1859 634 1924 animo
660 1860 710 1941 sit,
733 1859 804 1924 lieri
830 1879 897 1925 non
923 1864 1045 1942 potest,
1076 1860 1154 1941 quin
1179 1860 1220 1924 ad
1252 1860 1338 1925 illam
1363 1879 1500 1944 quoque

261 1967 494 2049 quaestionem
519 1967 688 2046 accedam,
717 1965 795 2050 quid
821 1966 961 2031 omnino
986 1967 1028 2030 de
1050 1966 1196 2030 virorum
1222 1960 1397 2032 doctorum
1423 1987 1501 2031 sen-

260 2073 369 2154 tentia,
394 2073 448 2156 qui
469 2073 500 2137 in
519 2076 675 2137 contextu
692 2073 825 2138 tabulae
843 2093 976 2138 errores
994 2072 1283 2154 difficultatesque,
1307 2094 1393 2158 quae
1418 2073 1502 2138 inter

262 2200 301 2246 se
324 2180 378 2246 vix
403 2179 562 2266 coniungi
588 2180 730 2263 possint,
755 2181 993 2266 indagaverint‚
1017 2182 1226 2245 censendum
1253 2181 1303 2246 sit.

885 2341 913 2404 7.

353 2455 463 2538 ltaque
482 2474 569 2518 nunc
587 2455 663 2519 mihi
686 2338 917 2539 'quaerendzm
944 2459 996 2520 est
1021 2475 1112 2518 num
1138 2455 1176 2519 in
1203 2432 1500 2537 componenda

263 2562 331 2625 hac
355 2561 484 2625 tabula
509 2552 627 2644 poeta
653 2563 943 2646 neglegentius
968 2579 1080 2642 quarn
1106 2562 1148 2632 in,
1169 2561 1315 2626 ceteris
1340 2581 1383 2626 se
1407 2580 1499 2645 ges-

263 2669 369 2732 serit
395 2666 581 2732 Plautus
629 2668 783 2752 Longum
810 2673 863 2732 est
887 2668 938 2733 hic
964 2668 1076 2733 denuo
1102 2669 1272 2751 disputare
1295 2668 1336 2732 de
1363 2666 1447 2731 locis
1468 2667 1498 2730 in

263 2775 386 2858 quibus
411 2773 491 2838 mire
523 2774 667 2838 haeserit
691 2774 839 2839 Weisii
865 2794 1023 2857 perversa
1048 2775 1227 2859 sagacitas.
1281 2773 1349 2840 Sed
1376 2794 1417 2837 ne
1448 2773 1499 2836 his

263 2881 396 2965 quidem
423 2880 632 2962 temporibus
658 2882 789 2962 desunt,
814 2881 869 2965 qui
887 2881 1041 2965 graviora
1059 2880 1294 2966 neglegentiae
1315 2879 1500 2963 specimina

264 2989 293 3052 in
313 2986 466 3065 Asinaria
491 2987 663 3051 detexisse
689 2987 751 3050 sibi
775 2987 838 3052 visi
864 2987 938 3051 sint.
978 2986 1087 3071 Atque
1112 3007 1187 3052 cum
1211 2986 1500 3071 Langrehrius

264 3095 294 3158 in
327 3094 496 3180 opusculo
528 3094 619 3177 quod
651 3093 821 3176 inscripsit
851 3095 912 3174 „de
942 3092 1047 3180 Plauti
1073 3093 1244 3158 Asinaria“
1272 3093 1384 3158 omnia
1414 3112 1500 3176 quae

270 3185 367 3265 etiam
393 3219 480 3264 nunc
506 3202 699 3282 scrupulum
726 3220 862 3264 movere
895 3205 988 3284 putet
1012 3201 1200 3285 collegerit,
1236 3200 1266 3264 in
1300 3200 1360 3264 hac
1386 3199 1501 3282 dispu-

255 3303 387 3372 'tatione
413 3306 498 3371 illius
522 3311 693 3371 tractatum
720 3327 844 3390 sequar
858 3303 891 3388 3).
954 3306 1003 3371 Ac
1028 3307 1169 3390 primum
1195 3307 1329 3391 quidem
1354 3304 1407 3372 ille
1432 3325 1500 3373 non

263 3417 353 3478 recte
379 3413 553 3478 dubitasse
578 3414 654 3478 milri
680 3413 814 3497 quidem
839 3415 977 3495 videtur,
1002 3414 1080 3498 quid
1104 3436 1132 3479 v.
1157 3414 1237 3479 358:
1447 3404 1452 3409 ’

354 3601 376 3670 1)
397 3601 588 3668 Praeterquam
609 3603 682 3668 quod
703 3601 844 3653 Asinariae
869 3600 1009 3668 exemplar
1027 3600 1142 3653 Atticum
1169 3603 1202 3653 ad
1223 3601 1415 3669 Demophilum
1442 3618 1504 3669 per·

155 3718 159 3724 .
262 3673 350 3724 tinere
370 3677 462 3724 notum
481 3677 531 3736 est,
551 3673 594 3725 vix
607 3672 751 3740 quicquam
772 3674 806 3724 de
821 3671 986 3740 Demophilo
1006 3676 1087 3740 atque
1107 3674 1141 3724 de
1160 3677 1285 3740 tempore
1305 3690 1360 3741 quo
1379 3673 1503 3725 floruerit

263 3744 376 3796 seimus.
413 3743 554 3796 lllenandri
581 3747 716 3796 aemulum
736 3744 824 3796 luisse
855 3744 922 3795 leo
950 3742 1144 3796 ‘Plautinisehe
1171 3743 1378 3812 Forschungen'
1405 3762 1432 3813 p.
1452 3745 1504 3796 132

262 3816 411 3868 contendit.

351 3887 376 3956 2)
402 3887 444 3940 Cl.
464 3887 701 3938 Ribbeckium
729 3890 745 3939 l.
765 3903 788 3939 s,
808 3903 831 3938 s.
852 3903 877 3953 p.
897 3887 947 3938 54:
974 3886 1049 3949 „Der
1074 3886 1219 3939 Verlasser
1245 3884 1353 3939 sc'heint
1380 3887 1438 3940 sich
1467 3887 1502 3938 im

264 3958 374 4010 Oroden
396 3960 448 4010 und
469 3957 580 4010 Ganzen
601 3975 633 4010 an
655 3959 714 4010 sein
735 3957 926 4026 griechisches
947 3957 1069 4026 Original
1087 3961 1214 4026 gehalten
1234 3976 1267 4011 zu
1288 3960 1409 4025 haben“;
1432 3960 1503 4010 adde

264 4029 421 4081 Chrislii
442 4030 504 4082 hist.
525 4029 572 4082 litt.
592 4029 703 4082 Graec.⁴
722 4047 747 4097 p.
766 4030 838 4081 325.-

351 4101 377 4169 3)
404 4101 445 4152 De
465 4101 601 4154 nonnullis
622 4118 691 4170 quae
721 4102 773 4153 huc
793 4106 919 4168 spectant
947 4101 1156 4170 quaestionibus
1176 4101 1227 4154 iam
1252 4118 1335 4169 supra
1354 4101 1415 4169 egi,
1441 4117 1502 4152 eum

263 4173 297 4223 de
317 4172 422 4224 lacunis
442 4178 468 4225 et
488 4174 521 4224 de
541 4173 771 4226 contaminatione
788 4173 964 4236 dissererem,
984 4176 1056 4226 velut
1075 4175 1109 4225 de
1130 4173 1244 4238 ratione,
1264 4190 1334 4240 quae
1353 4173 1503 4225 intercedat

262 4243 332 4298 inter
350 4261 375 4296 ν.
394 4243 429 4295 89
449 4249 474 4296 et
493 4261 518 4296 v.
538 4245 590 4296 230
609 4261 651 4312 sq.
678 4249 713 4314 (p.
735 4245 767 4296 14
786 4248 865 4314 sqq.),
886 4246 919 4296 de
940 4244 1017 4297 initio
1037 4245 1144 4297 tabulae
1164 4249 1199 4314 (p.
1220 4245 1254 4297 10
1272 4248 1352 4313 3331,
1379 4247 1413 4297 de
1432 4244 1502 4308 aliis,

263 4314 362 4382 quibus
383 4316 482 4367 ollensi
502 4321 565 4368 sunt
584 4316 632 4368 viri
653 4315 735 4379 docti,
758 4320 839 4383 atque
860 4318 957 4368 multas
977 4318 1084 4379 turbas,
1111 4332 1181 4383 quae
1201 4316 1276 4368 visae
1297 4321 1360 4369 sunt
1386 4321 1503 4379 exstare,

264 4403 279 4437 e
300 4387 389 4439 medio
410 4387 466 4438 tolli
487 4404 573 4455 posse
594 4404 637 4439 me
657 4387 816 4439 ostendisse
837 4392 912 4454 puto.
951 4387 1041 4454 ltaque
1062 4404 1095 4439 ne
1115 4403 1186 4439 nunc
1206 4404 1314 4440 omnem
1336 4404 1391 4439 rem
1412 4389 1503 4439 denuo

266 4473 422 4526 recoquam,
442 4459 654 4526 disputationem
676 4461 710 4511 de
730 4458 772 4510 his
788 4460 876 4511 rebus
897 4475 980 4527 supra
1000 4459 1147 4511 institutam
1163 4459 1188 4510 in
1209 4459 1368 4512 memoriam
1385 4464 1412 4511 te
1426 4476 1505 4511 revo-

264 4545 326 4581 care
347 4529 439 4582 iubeo.
