3384 5342
689 455 911 541 *17..

180 654 427 739 exaggeranter
451 650 572 718 dictum
599 671 680 716 esse
705 651 801 717 lacile
826 652 993 738 cognosci
1020 656 1141 736 potest.
1185 649 1266 720 llam
1289 652 1423 720 adules-

180 765 311 826 centem
338 779 399 844 pro
424 759 530 823 amica
555 759 676 843 aliquid
704 759 843 824 dedisse
869 761 1066 825 nonmodo
1091 779 1133 824 ex
1158 760 1243 843 ipsis
1274 761 1422 825 lenarum

180 867 332 933 moribus
353 866 511 950 sequitur,
536 866 598 930 sed
617 865 714 930 etiam
733 885 774 930 ex
797 847 969 949 colloquio
983 845 1097 932 Libani
1117 885 1191 930 cum
1211 866 1423 933 Demaeneto

182 974 295 1039 habito
321 973 351 1055 (l.
372 973 407 1055 1.)
431 977 578 1056 apparet.
626 969 714 1052 Quid
745 973 832 1036 enim
862 972 927 1036 hoc
956 972 1019 1037 sibi
1043 973 1150 1053 vellet,
1179 972 1423 1039 Demaenetum

181 1081 268 1146 scire
294 1079 477 1145 Leonidam
502 1079 732 1162 Libanumque
756 1078 934 1164 Argyrippi
957 1079 1130 1144 adiutores
1159 1100 1240 1144 esse
1258 1078 1424 1163 (ν.5())57),
1465 1155 1469 1162 ,

181 1188 244 1252 nisi
282 1207 324 1252 ex
360 1188 465 1252 domo
503 1185 701 1252 Demaeneti
739 1205 906 1268 persaepe
942 1186 1064 1270 aliquid
1103 1183 1162 1269 per
1194 1188 1351 1252 servolos
1380 1184 1450 1251 ads

182 1295 290 1358 lenam
325 1294 650 1377 deportatumesse
692 1312 912 1376 poneremus,
943 1293 1137 1376 praesertim
1178 1312 1424 1365 cumuxorem
1461 1344 1464 1352 .

183 1400 382 1466 Demaeneti
409 1400 472 1464 iam
499 1399 703 1482 saepissime
729 1398 955 1463 defraudatam
982 1419 1063 1463 esse
1088 1398 1162 1482 ipse
1188 1420 1310 1464 servus
1329 1399 1424 1466 Liba-

182 1528 247 1572 nus
279 1493 382 1577 libere
414 1505 663 1589 profiteaturil)
717 1503 894 1584 Praeterea
926 1526 993 1570 non
1026 1510 1078 1571 est
1110 1526 1168 1570 cur
1198 1507 1273 1571 huic
1304 1507 1424 1572 levius-

181 1614 277 1679 culae
302 1613 348 1678 rei
373 1617 498 1679 tantum
524 1613 717 1694 tribuamus,
747 1632 821 1677 cum
848 1613 911 1677 iam
937 1612 1028 1678 initio
1053 1613 1152 1677 huius
1177 1613 1424 1679 dissertationis

182 1718 334 1786 Plautum
360 1720 523 1785 interdum
549 1719 683 1784 minima
709 1739 775 1784 non
802 1739 943 1784 curasse
968 1718 1195 1802 exposuerim.
1438 1793 1443 1804 ,

271 1827 373 1892 Etiam
410 1846 498 1911 quae
530 1826 548 1892 l.
572 1839 598 1892 2.
616 1840 642 1892 3.
673 1826 878 1891 adulescens
918 1826 1070 1910 loquitur,
1110 1825 1244 1891 minime
1289 1830 1424 1891 naturae

182 1932 360 2019 Argyrippi
379 1937 610 1998 consentanea
636 1929 827 2014 naver02)
852 1933 1005 1997 videntur
1021 1952 1110 1997 esse.
1158 1932 1203 1996 lbi
1220 1933 1424 1997 adulescens

181 2040 289 2104 lenam
323 2039 515 2124 opprobriis
547 2039 665 2120 obruit,
695 2040 790 2103 lenae
826 2039 1079 2123 meretricisque
1110 2039 1245 2130 nomina
1274 2040 1315 2102 ad
1341 2044 1425 2104 ires-

171 2147 272 2211 ,viros
291 2146 429 2227 deferre,
452 2146 541 2210 iame
566 2167 626 2211 eas
650 2146 784 2211 vincere
808 2146 884 2211 vult.
925 2145 1047 2230 Neque.
1065 2165 1147 2210 vero
1171 2147 1423 2211 adulescentem

172 2252 266 2337 iugit
290 2253 497 2318 meretricem
523 2239 662 2317 omnino
688 2253 902 2318 innocentem
928 2273 1018 2333 esse,
1044 2272 1118 2317 cum
1144 2253 1257 2317 matris
1282 2253 1423 2336 imperio

182 2363 297 2442 pareat
328 2359 379 2441 (cl.
409 2381 437 2424 v.
470 2360 531 2425 rio
563 2360 633 2444 sq).
688 2358 799 2424 Omne
835 2360 902 2424 veri
938 2359 1064 2424 amoris
1100 2358 1237 2438 verbum
1274 2359 1423 2423 llavetas

182 2465 322 2531 omnino
347 2463 557 2548 desideratss).
605 2466 697 2530 llaec
722 2466 834 2530 omnia
860 2467 1010 2548 pessime
1036 2485 1111 2529 cum
1129 2465 1424 2550 Argyrippimori
1504 2440 1507 2460 Ι

181 2571 247 2637 bus
275 2576 307 2637 et
332 2576 447 2638 natura
472 2593 661 2657 congruere
685 2573 756 2637 viro
782 2573 884 2637 docto
914 2573 1074 2654 videntur,
1106 2568 1180 2637 c‘um
1214 2571 1424 2656 Argyrippus

181 2679 223 2742 ab
249 2679 323 2762 ipsa
349 2678 422 2742 lena
439 2679 572 2764 „largus
590 2679 828 2744 lacrumarum“
844 2679 1031 2763 appelletur
1055 2679 1093 2760 (v.
1110 2678 1197 2760 533),
1222 2679 1276 2763 qui
1295 2699 1329 2743 re
1345 2700 1423 2743 vera
1507 2754 1510 2761 ¹

182 2785 213 2850 in
239 2784 313 2868 ipsa
339 2805 443 2849 scena
468 2786 621 2852 lacrimas
644 2786 760 2850 iundat
777 2787 816 2868 (v.
833 2785 922 2868 020),
947 2805 1128 2869 numquam
1155 2785 1196 2849 de
1221 2785 1295 2850 lena
1321 2785 1423 2849 iratus

182 2889 377 2976 loquatur4).
426 2871 618 2977 Numquam
631 2885 735 2958 etiam
760 2892 831 2956 lieri
858 2912 974 2976 posse,
1000 2897 1034 2956 ut
1057 2891 1277 2976 Argyrippus,
1302 2892 1357 2976 qui
1382 2913 1424 2956 ex

182 2998 297 3062 intimo
333 2999 436 3064 corde
462 2997 667 3064 Philaenium
699 3004 787 3065 amet
812 3019 920 3083 seque
952 3021 971 3063 a
1000 2999 1173 3064 meretrice
1205 2998 1306 3062 amari
1331 2998 1423 3078 sciat,

180 3105 269 3170 adeo
306 3105 337 3170 in
374 3106 513 3170 amicam
549 3106 727 3171 invehatur.
798 3103 866 3170 Sed
897 3126 939 3170 ne
976 3107 1058 3170 haec
1099 3105 1233 3190 quidem
1274 3103 1422 3169 ilaveti

181 3216 378 3297 argumenta
415 3212 558 3295 probare
601 3231 756 3295 possum,
798 3231 873 3276 cum
916 3212 984 3276 irae
1026 3231 1065 3275 ac
1108 3210 1259 3290 maerori,
1300 3210 1422 3294 quibus

182 3318 402 3404 Argyrippus,
428 3338 502 3383 cum
528 3318 569 3382 ab
598 3318 704 3382 amica
730 3306 891 3383 exclusus
917 3318 968 3398 sit,
993 3321 1186 3382 commotus
1212 3321 1272 3404 est,
1307 3336 1422 3400 parum

181 3426 325 3491 tribuere
357 3426 433 3490 mihi
465 3426 599 3510 quidem
631 3426 788 3490 videatur.
836 3425 913 3490 Mea
945 3425 1031 3488 enim
1064 3424 1239 3503 sententia,
1271 3423 1326 3507 qui
1359 3423 1421 3486 sibi

182 3532 280 3620 plane
306 3533 555 3616 desperandum
582 3553 664 3597 esse
684 3532 775 3614 sciat,
800 3554 818 3596 a
835 3532 900 3596 vita
917 3551 957 3595 se
973 3528 1182 3612 abiudicetll,
1208 3529 1262 3593 ubi
1281 3529 1421 3613 primum

181 3639 287 3703 amica
313 3639 376 3704 sibi
398 3641 577 3705 carendum
598 3660 680 3704 esse
705 3639 915 3722 compererit,
939 3659 1015 3702 eum
1041 3639 1086 3703 ira
1111 3658 1150 3702 ac
1176 3657 1327 3723 maerore
1351 3637 1422 3702 iere
1483 3671 1487 3678 ·

272 3827 295 3897 l)
316 3829 350 3882 ci.
368 3846 393 3880 v.
412 3826 494 3898 04)Οὸ

475 3899 522 3952 cui
539 3898 599 3966 ipsi
615 3899 690 3953 nihil
707 3899 799 3954 estin
818 3912 906 3953 manu

411 3969 480 4032 Nisi
496 3970 568 4038 qaid
585 3973 615 4024 tu
630 3984 722 4037 porro
742 3983 859 4025 uxorem
879 3969 1104 4040 defraudaveris.

271 4045 351 4109 atque
372 4041 451 4095 etiam
471 4059 496 4094 v.
515 4042 614 4112 888j89

342 4152 369 4167 ..
388 4113 440 4167 Ille
458 4115 574 4168 ecastor
590 4112 761 4181 suppilabat
778 4127 822 4168 me
842 4153 870 4167 ..
890 4131 914 4165 e.
934 4131 960 4181 q.
980 4130 1003 4166 s.

270 4184 537 4254 Dbsspffl
1087 4192 1090 4197 '

270 4257 296 4325 3)
316 4256 384 4310 Cil.
404 4273 427 4309 s.
448 4272 518 4310 s...
539 4257 606 4310 mais
627 4258 697 4309 nulle
718 4261 777 4324 part
797 4258 813 4309 il
833 4274 867 4309 ne
887 4256 925 4309 dit
945 4273 978 4308 un
1000 4260 1057 4308 mot
1081 4255 1126 4323 qui
1147 4260 1225 4308 sente
1246 4257 1300 4308 soit
1320 4259 1421 4309 laten·

181 4328 280 4380 dresse
300 4329 355 4380 soit
374 4329 640 4381 l'attendrissement.

269 4400 295 4470 4)
316 4400 358 4452 Ci.
372 4403 387 4452 l.
402 4417 425 4453 S.
439 4417 462 4452 ε.
473 4401 548 4464 „rien
569 4402 603 4452 de
622 4405 681 4453 tout
701 4404 761 4454 cela
780 4401 850 4453 n’est
870 4401 1013 4452 conforme
1033 4415 1066 4452 au
1081 4398 1220 4452 caractere
1234 4400 1419 4468 d'llrgyrippe,

182 4486 235 4538 que
256 4474 280 4523 la
300 4473 361 4524 lena
379 4474 486 4539 appelle
507 4489 540 4524 un
562 4474 686 4540 pleurard
707 4473 776 4543 (533)
803 4473 848 4540 qui
869 4475 962 4539 pleure
983 4488 1016 4523 en
1037 4471 1101 4523 eiiet
1121 4488 1168 4523 sar
1187 4474 1212 4522 la
1231 4471 1315 4524 scene
1340 4472 1419 4542 (020),

182 4542 226 4610 qui
248 4546 321 4610 parle
341 4545 375 4595 de
396 4546 420 4596 la
439 4547 500 4596 lena
519 4561 586 4596 avec
606 4543 761 4612 desespoin
782 4545 850 4596 mais
871 4559 937 4596 sans
958 4543 1067 4595 colere“
1088 4543 1156 4613 (594,
1177 4543 1247 4612 032).

270 4615 295 4686 5)
316 4615 357 4668 Ci.
378 4615 396 4666 ll
416 4616 432 4667 3
452 4620 533 4685 atque
555 4616 668 4668 maxime
688 4633 711 4668 v.
731 4617 784 4668 007
804 4633 865 4685 sqq.
