3384 5342
763 426 1093 521 -ae-,

154 585 157 592 ¹
250 603 393 690 vestigia
425 603 584 689 indagare
616 603 724 669 debet.
784 604 895 688 ltaque
928 622 1015 667 nunc
1051 601 1283 686 inquirendum
1316 605 1369 682 est
1400 619 1492 666 num

254 711 457 795 quaedam
484 710 873 794 partesllsinariae
897 710 1068 775 tabulae
1093 710 1141 773 ad
1167 712 1527 792 retractatorem⁴

255 818 505 901 pertineant.
561 817 603 882 lta
634 822 744 882 autem
777 818 862 881 hanc
894 817 935 881 de
969 817 1200 891 retractatione
1232 816 1493 900 disputationem

252 925 430 1006 instituam,
449 929 482 990 ut
499 925 639 1007 primum
657 924 792 989 alteram
811 924 1012 1006 exemplum,
1037 924 1126 988 unde
1143 920 1331 988 Asinariam
1348 922 1493 987 tabulam

252 1031 517 1096 retractationem
536 1036 706 1114 expertam
733 1050 813 1096 esse
842 1031 1029 1095 certissime
1054 1029 1209 1095 concludi
1228 1031 1348 1112 possit,
1372 1030 1494 1094 deinde

253 1138 295 1202 ab
329 1139 389 1202 lrac
428 1137 626 1221 suspicione
668 1137 840 1221 proiectus
872 1156 994 1202 omnes
1037 1137 1092 1221 qui
1129 1136 1322 1219 scrupulum
1360 1140 1496 1202 movent

254 1245 351 1310 locos
377 1245 490 1308 denuo
516 1249 722 1328 pertractem.

341 1351 390 1416 Ac
416 1351 556 1436 primum
589 1351 723 1432 quidem
748 1349 870 1416 versus
894 1350 1072 1416 480-484
1103 1351 1177 1414 sine
1202 1350 1305 1415 dubio
1330 1371 1349 1413 a
1374 1347 1494 1414 Plauto

252 1457 498 1527 abiudicandos
524 1476 605 1522 esse
628 1461 752 1522 certum
779 1460 840 1536 est,
866 1476 941 1520 cum
958 1476 978 1520 a
995 1456 1169 1536 sententia,
1194 1459 1310 1537 metro,
1335 1475 1495 1520 sermone

252 1564 350 1628 alieni
375 1562 456 1644 sint,
488 1568 522 1629 ut
547 1563 675 1646 optimo
701 1563 770 1628 iure
802 1562 971 1628 centendit
996 1562 1124 1628 Ussin
1134 1563 1232 1647 gius
1249 1563 1280 1643 ¹).
1339 1561 1494 1648 Longum

253 1675 305 1736 est
321 1671 406 1734 hanc
432 1689 500 1734 rem
527 1671 640 1734 denuo
658 1670 834 1752 explicare,
861 1669 1056 1751 praesertim
1080 1687 1157 1732 cum
1180 1669 1263 1734 inter
1287 1688 1409 1733 omnes
1425 1668 1496 1734 lere

194 1763 196 1774 ’
252 1777 343 1841 viros
370 1772 542 1860 ,doctos²)
574 1763 823 1862 Ussingium
861 1777 903 1840 de
935 1775 986 1839 his
1016 1775 1172 1840 versibus
1204 1779 1293 1840 recte
1325 1776 1496 1840 iudicasse

253 1887 395 1952 constet.
444 1882 515 1947 lam
540 1901 615 1948 cum
648 1882 734 1947 hunc
767 1883 878 1947 locum
904 1886 1026 1964 postea
1050 1882 1196 1946 additum
1223 1901 1303 1947 esse
1328 1882 1497 1965 (tortasse,

255 1993 289 2054 ut
307 1989 481 2072 probabile
499 1989 639 2054 reddidit
657 1989 785 2054 Ussin
796 1989 910 2075 gius,
926 1989 957 2053 in
976 1988 1223 2054 similitudinem
1243 1987 1369 2054 Persae
1386 2010 1414 2054 v.
1431 1989 1497 2054 745

253 2115 338 2180 sqq:
359 2100 391 2161 et
423 2095 637 2161 Curculionis
668 2117 696 2160 v.
720 2094 787 2160 620
806 2095 893 2180 sqq.)
924 2095 1137 2160 manifestum
1170 2095 1227 2175 sit,
1259 2100 1411 2160 nostrum
1443 2100 1497 2161 est

255 2191 432 2286 quaerere,
465 2206 546 2284 ,trum
573 2201 615 2265 'in
654 2202 726 2266 aliis
766 2221 903 2286 quoque
946 2202 1032 2266 locis
1075 2201 1316 2267 retractationis
1359 2202 1496 2269 inveniri

243 2307 390 2392 possint
412 2291 566 2393 vestigia,

346 2415 457 2499 ltaque
483 2414 792 2499 primumagamus
818 2415 861 2480 de
892 2414 1219 2500 dittographiiS,
1248 2435 1386 2501 quarum
1413 2435 1496 2481 non⁴

255 2521 342 2586 nulla
355 2521 509 2604 exempla
524 2521 554 2585 in
569 2520 723 2586 Asinaria
735 2521 848 2586 tabula
862 2521 1035 2586 detexisse
1049 2520 1112 2585 sibi
1129 2521 1191 2586 visi
1205 2526 1284 2586 sunt
1297 2521 1442 2587 Ooetzi
1451 2543 1496 2588 us

253 2633 285 2692 et
302 2627 547 2710 Loewius4).
595 2628 691 2693 llaud
717 2647 791 2692 raro
817 2627 904 2693 enim
930 2628 1019 2710 apud
1038 2626 1200 2708 Plautum,
1226 2632 1259 2692 ut
1284 2629 1339 2713 qui
1364 2650 1391 2693 a.
1412 2617 1497 2694 1876

143 2783 146 2796 ,
254 2739 343 2800 certa
375 2734 501 2798 ratione
527 2735 558 2798 in
584 2734 668 2798 hanc
705 2755 772 2799 rem
810 2734 979 2818 inquisivit
1015 2732 1267 2815 Ooetzius4)
1296 2735 1407 2800 insius
1439 2756 1496 2800 ex-

254 2841 383 2924 posuit,
426 2845 605 2905 occurrunt
640 2841 705 2905 loci
739 2841 793 2904 ubi
837 2841 905 2905 duo
942 2841 1096 2905 eiusdem
1139 2841 1326 2926 argumenti
1363 2847 1496 2907 exstant

254 2947 491 3028 recensiones
523 2967 661 3032 quarum
693 2948 794 3012 altera
827 2948 991 3013 destinata
1020 2947 1129 3012 luisse
1153 2949 1290 3029 videtur,
1322 2969 1408 3032 quae
1434 2968 1496 3032 pro

147 3063 179 3111 .*=
253 3055 355 3119 altera
380 3054 546 3139 legeretur
571 3055 642 3118 sive
656 3054 764 3137 ipsius
791 3058 913 3140 poetae
938 3054 1095 3125 recensio
1119 3055 1322 3139 aliquantum
1349 3055 1496 3120 obscura

153 3239 154 3242 Ἴ
254 3161 325 3226 sive
351 3160 449 3224 nimis
474 3161 576 3245 longa
600 3166 701 3244 atque
725 3161 925 3244 amplificata
949 3162 1152 3226 retractatori
1177 3163 1248 3226 visa
1273 3167 1334 3226 est.

344 3267 407 3330 lam
439 3271 473 3330 ut
502 3269 659 3349 exemplo
695 3269 837 3332 doceam
870 3272 1116 3333 retractatorem
1148 3269 1244 3332 aliam
1277 3267 1496 3353 substituisse

254 3372 500 3454 recensionem,
529 3374 619 3456 quod
646 3371 751 3438 Plauti
776 3374 878 3451 verba
900 3375 955 3438 vix
979 3374 1258 3458 intellegerentur,
1283 3380 1496 3440 transeamus
1604 3425 1606 3428 -

253 3480 294 3543 ad
312 3499 341 3543 v.
357 3478 497 3544 23—28.
524 3479 563 3544 lli
580 3500 702 3545 versus
720 3480 773 3543 bis
798 3481 885 3545 idem
912 3480 1069 3559 exhibent
1093 3485 1194 3564 atque
1218 3481 1354 3545 alterins
1380 3501 1495 3545 recen·

254 3585 363 3651 sionis
393 3606 514 3650 versus
545 3585 596 3651 22.
618 3586 669 3651 24.
691 3585 742 3650 27.
764 3587 815 3667 28,
840 3587 985 3651 alterius'
1006 3608 1035 3651 v.
1051 3587 1103 3651 25.
1125 3586 1177 3651 2b.
1198 3586 1249 3651 27.
1270 3587 1314 3652 28
1343 3588 1497 3653 videntur

252 3692 369 3757 luisse.
403 3691 581 3773 Quaeritur
605 3696 674 3757 utra
692 3694 849 3758 recensio
872 3693 1019 3777 genuina
1045 3694 1095 3758 sit.
1125 3692 1211 3758 Cum
1231 3694 1347 3758 'adhuc
1372 3714 1495 3758 omnes

346 3934 368 4002 l)
389 3933 416 3986 L.
436 3949 459 3986 s,
479 3950 502 3986 S.
523 3950 548 4001 p.
567 3932 676 4006 395l96.

343 4021 369 4090 2)
390 4021 511 4089 Excepto
539 4038 592 4072 uno
615 4021 902 4089 Rauterbergio,
929 4021 974 4089 qui
994 4024 1020 4087 (l.
1040 4038 1063 4074 s.
1083 4039 1106 4074 s,
1126 4039 1151 4089 p.
1171 4023 1196 4090 3)
1223 4024 1351 4073 consulto
1372 4021 1494 4074 Plautum

255 4097 434 4145 mercatorem
456 4095 545 4160 legum
567 4092 754 4145 Romanorum
775 4093 927 4160 imperitum
947 4093 1063 4145 finxisse
1083 4093 1232 4171 pontendit.
1280 4094 1353 4145 licet
1373 4093 1426 4145 troc
1446 4110 1495 4160 per

255 4181 287 4217 se
307 4181 361 4216 non
382 4165 450 4217 male
472 4163 654 4232 excogitatum
675 4164 718 4227 sit,
739 4170 856 4218 attamen
875 4165 933 4217 lere
954 4164 1017 4217 nihil
1035 4169 1113 4229 valet,
1133 4181 1194 4216 cum
1214 4181 1313 4217 versus
1333 4165 1412 4218 etiam
1433 4165 1494 4217 aliis

255 4236 402 4298 decausis
423 4236 540 4288 eiciendi
560 4235 622 4288 sint.
660 4236 793 4288 Ci.etiam
815 4236 1133 4289 Frederslrauseni
1158 4236 1397 4300 dissertationem,
1423 4253 1494 4304 quae

255 4313 297 4360 est
317 4309 369 4372 „de
390 4308 447 4359 iure
468 4307 591 4359 Plautino
611 4312 638 4359 et
658 4307 820 4360 Terentiano
846 4308 1004 4376 (Gottingae
1030 4308 1121 4376 1900),
1151 4308 1196 4375 qui
1216 4312 1252 4378 (p.
1271 4308 1314 4378 26)
1334 4310 1432 4360 eodem
1453 4325 1494 4361 ar-

253 4384 384 4448 gumento
405 4379 563 4447 lipsium
583 4395 682 4430 versus
702 4396 717 4431 e
737 4379 795 4431 iure
815 4380 903 4431 Attico
924 4381 1127 4447 interpretatum
1149 4379 1297 4447 impugnat.

342 4468 368 4535 3)
389 4467 430 4520 cr.
451 4467 535 4534 praef.
555 4468 598 4519 ea.
619 4467 680 4520 mar.
700 4454 731 4535 ρ.’
745 4455 821 4520 xxn.

346 4556 372 4625 4)
393 4555 435 4610 Ci.
455 4560 514 4609 acta
534 4571 594 4608 soc.
614 4554 686 4623 lips
705 4555 746 4609 Vl.
