3384 5342
760 470 976 537 ..14..

250 668 325 715 sum
351 649 608 714 concedendum
626 653 679 713 est
694 649 752 714 viri
769 649 859 714 docti
877 649 1095 734 sagacitatem
1120 653 1209 733 recte
1226 648 1434 714 observasse
1448 647 1490 713 ita

251 775 385 821 errores
410 754 486 820 oriri
506 755 670 838 potuisse.
711 753 827 838 Neque
844 774 926 819 vero
944 753 974 818 in
993 755 1055 818 hac
1072 755 1272 838 quaestione
1293 755 1371 820 illud
1389 756 1491 822 maxi·

252 882 342 928 mum
374 867 441 943 est,
472 881 551 926 num
584 861 774 926 Havetus
810 866 900 926 recte
932 862 1108 946 quomodo
1143 861 1314 951 rubicator
1341 862 1372 926 in
1404 862 1491 932 bunc

213 955 218 960 ⁵
250 989 397 1035 errorem
430 968 580 1034 inciderit
604 967 808 1051 explicuerit.
857 967 935 1033 lllud
964 967 1052 1032 enirn
1083 972 1216 1033 constat
1242 969 1327 1033 tales
1358 988 1492 1033 errores

251 1076 284 1142 in
308 1075 495 1156 codicibus
525 1073 603 1160 quin
630 1075 727 1140 etiam
754 1075 784 1138 in
810 1075 919 1158 ipsius
942 1073 1118 1140 Asinariae
1141 1074 1342 1159 quibusdam
1368 1076 1490 1141 codici·
1525 1129 1529 1135 .

250 1183 324 1265 buS,
350 1182 495 1248 inveniri.
535 1181 633 1246 Velut
649 1185 725 1245 ante
744 1183 930 1246 secundam
956 1182 1061 1265 quarti
1078 1178 1174 1247 actus
1195 1202 1333 1247 scenam
1352 1182 1491 1246 codices

251 1289 278 1356 B
304 1295 336 1355 et
361 1289 385 1356 Ε
415 1288 598 1357 lalsissime
624 1287 802 1374 Argyrippi
827 1308 952 1353 nornen
979 1308 1040 1371 pro
1066 1287 1199 1354 Diaboli
1225 1289 1382 1354 exhibent
1393 1286 1424 1370 ¹).
1448 1325 1492 1332 —

250 1395 319 1462 Sed
337 1396 401 1460 iarn
418 1395 593 1461 videamus
611 1394 735 1479 quibus
755 1395 967 1480 ‚argumentis
993 1416 1079 1481 quae
1104 1416 1138 1460 re
1162 1415 1240 1460 vera
1265 1395 1330 1460 hoc
1354 1395 1491 1460 nomine

249 1503 350 1589 digna
388 1502 455 1567 sint
487 1501 672 1568 Havetus
710 1503 909 1567 sententiam
942 1521 1038 1568 suam
1071 1503 1214 1585 probare
1246 1503 1388 1568 studeat.
1441 1502 1490 1567 Ac

250 1610 391 1693 primum
423 1608 558 1694 quidem
594 1610 643 1674 vir
675 1611 797 1675 doctus
829 1609 860 1674 in
893 1629 936 1675 eo
969 1609 1096 1691 haeret,
1126 1610 1218 1694 quod
1251 1629 1375 1675 scenas
1401 1610 1491 1676 1.2.3.

250 1715 441 1803 Argyrippo
473 1717 501 1782 si
534 1718 707 1798 daremus,
739 1717 829 1782 nullo
862 1717 966 1782 modo
991 1717 1137 1802 intellegi
1163 1722 1299 1801 posset,
1324 1717 1491 1784 Diabolus

250 1843 309 1890 cur
321 1823 558 1910 syngraphum,
570 1823 666 1888 cuius
681 1824 712 1888 in
726 1843 886 1889 sermone
899 1824 1128 1889 adulescentis
1143 1825 1306 1908 lenaeque
1319 1824 1491 1906 (ctum)

251 1930 486 1996 mentio'lacta
512 1935 615 2011 esset,
644 1930 796 1996 adferret.
843 1930 950 1994 Multo
974 1931 1187 1996 verisimilius
1212 1951 1294 1996 esse
1318 1951 1404 2012 eum,
1436 1929 1491 2015 qui
1533 1923 1536 1929 ’

252 2038 378 2121 primus
410 2038 452 2102 de
483 2036 678 2123 syngrapho
701 2037 858 2102 faciendo
883 2038 1017 2103 locutus
1042 2043 1151 2118 esset,
1182 2037 1410 2123 syngraphum
1434 2038 1491 2103 ad·

250 2144 345 2209 terre.
392 2143 461 2209 Sed
494 2145 536 2208 de
569 2143 628 2208 lrac
654 2165 689 2209 re
714 2164 781 2208 non
808 2148 861 2209 est
886 2165 944 2209 cur
968 2146 1081 2209 denuo
1107 2144 1288 2225 disseram,
1320 2165 1394 2209 cum
1427 2145 1490 2208 iam

252 2249 387 2334 supra2)
417 2251 458 2314 de
491 2250 609 2315 eadem
640 2251 805 2316 sententia
829 2271 848 2314 a
874 2249 1136 2316 Schenkelio
1162 2252 1289 2334 prolata
1314 2251 1491 2334 disputans

251 2359 427 2443 quomodo
452 2356 535 2422 haec
559 2357 654 2423 turba
679 2358 789 2423 sanari
815 2357 927 2440 possit
951 2358 1167 2423 ostenderim.

341 2479 443 2564 Quod
467 2482 508 2545 ad
535 2482 723 2547 secundum
750 2480 896 2547 Haveti
920 2487 1155 2567 argumentum
1180 2483 1302 2563 attinet,
1326 2481 1398 2547 lieri
1423 2501 1490 2546 non

253 2593 375 2672 potest,
399 2587 477 2673 quin
490 2589 573 2654 ·vir0
593 2589 697 2654 docto
719 2589 950 2653 concedamus
967 2594 1107 2672 accepta
1130 2590 1182 2654 illa
1200 2589 1392 2654 coniectura
1410 2589 1492 2654 dilii-

162 2745 166 2752 .
253 2696 407 2761 cultatem
432 2695 517 2760 inter
538 2717 566 2760 v.
591 2696 634 2762 89
659 2700 691 2760 et
714 2716 742 2760 ν.
766 2695 831 2762 229
857 2700 1044 2761 exstantem
1070 2697 1196 2779 optime
1228 2718 1247 2762 e
1278 2697 1390 2762 medio
1414 2697 1492 2761 tolli.

179 2827 181 2832 ·
254 2801 322 2886 Sed
343 2789 447 2867 'etiarn
473 2801 524 2866 hic
550 2803 730 2885 scrupulus
754 2803 820 2866 alio
840 2804 950 2891 ,modo
976 2803 1138 2868 removeri
1169 2822 1277 2886 posse
1302 2802 1378 2867 mihi
1402 2803 1492 2868 vide·

252 2913 315 2973 tur:
332 2929 440 3001 “versu
466 2885 565 2994 igitur
588 2909 630 2975 89
657 2907 888 2974 Demaenetus
914 2929 1015 2974 servo
1040 2910 1122 2974 haec
1147 2910 1239 2975 dicit:

413 3049 537 3132 Viginti
558 3049 624 3114 inm
649 3054 745 3115 usust
760 3049 840 3132 silio
865 3052 999 3134 argenti
1020 3052 1124 3116 minis.

253 3191 290 3256 V.
314 3195 425 3256 autem
450 3190 515 3257 229
539 3211 589 3276 sq.
615 3190 834 3277 Argyrippus,
865 3192 921 3276 qui
951 3192 1024 3276 ipse
1052 3192 1167 3278 viginti
1191 3191 1290 3258 minis
1315 3191 1378 3257 sibi
1403 3211 1493 3275 opus

187 3310 192 3316 '
246 3291 335 3364 'esse
361 3298 443 3381 patn‘
468 3298 547 3364 dixit
576 3298 627 3380 (cl.
650 3320 678 3364 ν.
696 3297 815 3381 74175),
849 3298 988 3366 omnino
1018 3301 1150 3365 nescire
1173 3300 1303 3365 videtur
1326 3300 1403 3385 quid
1429 3299 1492 3364 sibi

255 3406 400 3471 dandum
426 3405 477 3487 sit,
502 3425 576 3471 cum
602 3407 685 3471 haec
710 3406 808 3472 dicat:

414 3547 523 3626 Mane,
547 3563 651 3624 mone,
676 3547 773 3614 audi:
801 3547 862 3626 dic,
886 3529 1036 3630 quidne
1056 3564 1195 3630 aequom
1216 3564 1327 3613 censes
1345 3565 1411 3631 pro
1434 3548 1473 3614 ill

1285 3654 1348 3720 tibi
1368 3656 1450 3720 dore
1534 3687 1538 3697 ,

413 3742 542 3809 Annum
557 3738 652 3809 'nunc
673 3759 787 3809 necum
812 3744 969 3826 quiquam
994 3743 1062 3809 olio
1085 3744 1155 3810 sit?

256 3849 296 3915 ad
323 3868 409 3935 quae
436 3850 624 3916 Cleaerata:

1020 3938 1160 4026 turreii)
1187 3941 1306 4024 viginti
1327 3941 1452 4007 minos:

252 4038 254 4044 ⁵
348 4069 349 4073 ’
414 4063 521 4147 Atque
544 4082 585 4130 eo
608 4065 682 4147 lege
706 4059 733 4131 e.
748 4086 777 4151 q.
794 4086 821 4130 s.
921 4125 928 4138 ,

254 4266 460 4276 Ἦ

275 4391 368 4516 'dim
389 4387 430 4446 Cl.
450 4393 494 4445 ed.
522 4389 669 4446 Goetzii
697 4397 723 4445 et
751 4393 883 4446 Loewii
914 4409 939 4461 p.
963 4390 998 4445 94
1026 4393 1087 4446 adn.
1107 4394 1276 4448 Havetum
1306 4394 1359 4446 troc
1386 4390 1495 4463 fugisse

257 4479 280 4516 tn
303 4480 370 4516 eur.

288 4627 290 4632 ¹
343 4536 369 4679 {3
387 4537 653 4676 §anss·7,¹,¹e{q30m
667 4607 814 4662 Camerarii
836 4609 899 4662 Leo
920 4609 945 4661 in
966 4613 1121 4663 contextum
1141 4610 1252 4678 recepit,
1272 4627 1326 4680 quo
1345 4627 1400 4664 non
1415 4626 1496 4679 opus.
